time,sym,price,size
09:30:00.0,MSFT,73.53,5
09:30:00.0,MSFT,73.53,5
09:30:00.1,SPY,246.81,3
09:30:00.1,SPY,246.81,2
09:30:00.1,MSFT,73.53,6
09:30:00.1,C,65.92,91
09:30:00.1,SPY,246.79,500
09:30:00.1,SPY,246.79,400
09:30:00.1,SPY,246.79,100
09:30:00.1,SPY,246.81,119762
09:30:00.1,SPY,246.81,119762
09:30:00.2,SPY,246.8,200
09:30:00.2,MSFT,73.53,200
09:30:00.2,MSFT,73.53,89
09:30:00.2,SPY,246.8,100
09:30:00.2,MSFT,73.54,10
09:30:00.3,SPY,246.8,100
09:30:00.3,MSFT,73.54,500
09:30:00.3,MSFT,73.54,32
09:30:00.3,SPY,246.8,74
09:30:00.3,MSFT,73.51,4
09:30:00.3,MSFT,73.55,100
09:30:00.4,MSFT,73.53,9
09:30:00.4,MSFT,73.53,40
09:30:00.4,SPY,246.8,103
09:30:00.5,MSFT,73.58,1698
09:30:00.6,SPY,246.86,100
09:30:00.7,SPY,246.805,300
09:30:00.7,SPY,246.805,10
09:30:00.7,SPY,246.8,15
09:30:00.7,SPY,246.8,150
09:30:00.7,SPY,246.82,10
09:30:00.7,SPY,246.82,90
09:30:00.7,SPY,246.81,100
09:30:00.7,SPY,246.82,10
09:30:00.7,SPY,246.82,90
09:30:00.7,SPY,246.82,72
09:30:00.7,SPY,246.82,28
09:30:00.7,SPY,246.82,1160
09:30:00.7,SPY,246.8,118
09:30:00.7,SPY,246.8,200
09:30:00.7,SPY,246.8,300
09:30:00.7,SPY,246.82,45
09:30:00.7,SPY,246.82,200
09:30:00.7,SPY,246.82,100
09:30:00.7,SPY,246.82,22
09:30:00.7,SPY,246.82,100
09:30:00.8,SPY,246.83,1
09:30:00.8,SPY,246.83,1
09:30:00.8,SPY,246.83,43
09:30:00.8,SPY,246.82,8
09:30:00.9,SPY,246.83,45
09:30:00.9,MSFT,73.5,359412
09:30:00.9,MSFT,73.5,359412
09:30:00.9,MSFT,73.495,100
09:30:00.9,MSFT,73.495,200
09:30:00.9,MSFT,73.495,200
09:30:00.9,MSFT,73.51,8
09:30:00.9,MSFT,73.51,200
09:30:00.9,MSFT,73.52,20
09:30:00.9,MSFT,73.495,200
09:30:00.9,MSFT,73.5,200
09:30:00.9,MSFT,73.52,200
09:30:01.0,MSFT,73.5,90
09:30:01.0,MSFT,73.49,58
09:30:01.0,MSFT,73.49,15
09:30:01.0,MSFT,73.49,400
09:30:01.0,MSFT,73.5,100
09:30:01.0,MSFT,73.49,1137
09:30:01.0,MSFT,73.5,1
09:30:01.0,MSFT,73.505,100
09:30:01.0,MSFT,73.505,100
09:30:01.0,SPY,246.83,100
09:30:01.0,SPY,246.83,455
09:30:01.0,SPY,246.83,10
09:30:01.0,SPY,246.83,100
09:30:01.0,SPY,246.83,100
09:30:01.1,SPY,246.83,100
09:30:01.1,SPY,246.83,40
09:30:01.1,MSFT,73.52,100
09:30:01.1,MSFT,73.52,100
09:30:01.2,MSFT,73.52,100
09:30:01.2,SPY,246.81,500
09:30:01.2,SPY,246.81,500
09:30:01.3,SPY,246.86,100
09:30:01.4,MSFT,73.495,200
09:30:01.4,MSFT,73.52,100
09:30:01.4,MSFT,73.4801,97
09:30:01.4,MSFT,73.483,100
09:30:01.4,MSFT,73.48,90
09:30:01.4,MSFT,73.48,10
09:30:01.5,MSFT,73.53,17
09:30:01.5,MSFT,73.53,200
09:30:01.5,MSFT,73.53,20
09:30:01.5,MSFT,73.53,80
09:30:01.5,MSFT,73.53,45
09:30:01.5,MSFT,73.54,55
09:30:01.5,MSFT,73.53,83
09:30:01.5,MSFT,73.53,17
09:30:01.5,MSFT,73.525,100
09:30:01.5,MSFT,73.51,200
09:30:01.5,MSFT,73.52,200
09:30:01.5,MSFT,73.53,100
09:30:01.5,MSFT,73.53,100
09:30:01.5,MSFT,73.505,200
09:30:01.5,MSFT,73.51,10
09:30:01.5,MSFT,73.51,4
09:30:01.5,MSFT,73.515,100
09:30:01.5,SPY,246.83,100
09:30:01.5,MSFT,73.48,17
09:30:01.5,MSFT,73.515,100
09:30:01.5,MSFT,73.52,100
09:30:01.5,MSFT,73.505,300
09:30:01.5,MSFT,73.505,100
09:30:01.5,MSFT,73.505,100
09:30:01.5,MSFT,73.48,20
09:30:01.5,MSFT,73.48,20
09:30:01.5,MSFT,73.5,7365
09:30:01.5,MSFT,73.505,100
09:30:01.5,SPY,246.83,121
09:30:01.5,SPY,246.81,11
09:30:01.5,SPY,246.81,50
09:30:01.5,SPY,246.81,1
09:30:01.5,SPY,246.81,15
09:30:01.5,SPY,246.81,5
09:30:01.5,SPY,246.81,331
09:30:01.6,SPY,246.82,20
09:30:01.6,MSFT,73.5075,100
09:30:01.7,MSFT,73.51,100
09:30:01.7,MSFT,73.52,400
09:30:01.8,SPY,246.81,500
09:30:01.8,SPY,246.81,400
09:30:01.8,MSFT,73.52,100
09:30:01.8,MSFT,73.51,200
09:30:01.8,MSFT,73.51,200
09:30:01.8,SPY,246.81,1
09:30:01.8,MSFT,73.5,15
09:30:01.8,MSFT,73.4928,200
09:30:01.8,SPY,246.81,1800
09:30:01.8,SPY,246.81,200
09:30:01.8,SPY,246.81,200
09:30:01.8,SPY,246.81,5
09:30:01.8,SPY,246.81,100
09:30:01.8,SPY,246.81,100
09:30:01.8,SPY,246.81,100
09:30:01.8,SPY,246.8111,1000
09:30:01.8,SPY,246.8111,487
09:30:01.8,SPY,246.8211,100
09:30:01.8,SPY,246.8,100
09:30:01.8,SPY,246.8,11
09:30:01.8,MSFT,73.52,25
09:30:01.9,MSFT,73.505,100
09:30:02.0,SPY,246.8,100
09:30:02.0,SPY,246.8,100
09:30:02.0,MSFT,73.48,100
09:30:02.1,MSFT,73.48,600
09:30:02.1,MSFT,73.525,100
09:30:02.1,MSFT,73.525,300
09:30:02.1,SPY,246.81,5
09:30:02.1,SPY,246.81,100
09:30:02.1,SPY,246.81,100
09:30:02.1,SPY,246.81,200
09:30:02.1,SPY,246.81,100
09:30:02.1,MSFT,73.5,100
09:30:02.1,MSFT,73.5,100
09:30:02.1,SPY,246.81,100
09:30:02.1,SPY,246.81,100
09:30:02.1,MSFT,73.58,100
09:30:02.2,SPY,246.81,100
09:30:02.2,SPY,246.81,100
09:30:02.2,SPY,246.81,100
09:30:02.2,SPY,246.81,3
09:30:02.2,SPY,246.81,34
09:30:02.2,SPY,246.81,100
09:30:02.2,SPY,246.81,500
09:30:02.3,MSFT,73.48,25
09:30:02.3,SPY,246.81,42
09:30:02.3,SPY,246.81,5
09:30:02.4,MSFT,73.51,100
09:30:02.4,MSFT,73.51,9
09:30:02.4,MSFT,73.51,91
09:30:02.4,MSFT,73.51,9
09:30:02.4,MSFT,73.48,110
09:30:02.4,SPY,246.81,100
09:30:02.5,MSFT,73.48,70
09:30:02.5,MSFT,73.48,200
09:30:02.5,MSFT,73.48,100
09:30:02.5,MSFT,73.48,230
09:30:02.5,MSFT,73.49,200
09:30:02.5,MSFT,73.49,300
09:30:02.5,MSFT,73.49,10
09:30:02.5,MSFT,73.49,100
09:30:02.5,MSFT,73.49,10
09:30:02.5,MSFT,73.48,90
09:30:02.5,MSFT,73.48,10
09:30:02.5,MSFT,73.48,100
09:30:02.5,MSFT,73.49,100
09:30:02.5,MSFT,73.49,100
09:30:02.5,MSFT,73.48,11
09:30:02.5,MSFT,73.48,2
09:30:02.5,C,65.92,15
09:30:02.5,MSFT,73.48,66
09:30:02.6,MSFT,73.58,200
09:30:02.6,SPY,246.81,200
09:30:02.6,MSFT,73.48,100
09:30:02.6,MSFT,73.48,100
09:30:02.6,MSFT,73.49,19
09:30:02.6,MSFT,73.49,11
09:30:02.6,MSFT,73.49,100
09:30:02.7,MSFT,73.49,90
09:30:02.7,MSFT,73.5,10
09:30:02.7,MSFT,73.48,100
09:30:02.7,MSFT,73.5299,1
09:30:02.8,MSFT,73.495,5
09:30:02.8,MSFT,73.495,36
09:30:02.8,MSFT,73.495,300
09:30:02.8,SPY,246.81,500
09:30:02.8,SPY,246.82,150
09:30:02.9,MSFT,73.48,50
09:30:02.9,MSFT,73.48,18
09:30:02.9,SPY,246.81,100
09:30:02.9,MSFT,73.53,3
09:30:02.9,MSFT,73.49,3
09:30:02.9,MSFT,73.49,50
09:30:03.0,MSFT,73.53,1
09:30:03.1,MSFT,73.48,100
09:30:03.1,MSFT,73.48,100
09:30:03.1,SPY,246.8,22
09:30:03.1,MSFT,73.4801,40
09:30:03.1,MSFT,73.48,100
09:30:03.1,MSFT,73.495,100
09:30:03.2,SPY,246.82,20
09:30:03.2,MSFT,73.48,34
09:30:03.3,MSFT,73.495,100
09:30:03.3,MSFT,73.48,50
09:30:03.3,MSFT,73.48,200
09:30:03.3,MSFT,73.48,150
09:30:03.3,MSFT,73.48,100
09:30:03.3,MSFT,73.48,100
09:30:03.3,MSFT,73.48,175
09:30:03.3,MSFT,73.48,100
09:30:03.3,MSFT,73.48,100
09:30:03.3,MSFT,73.49,200
09:30:03.3,MSFT,73.485,100
09:30:03.3,MSFT,73.49,200
09:30:03.3,MSFT,73.49,100
09:30:03.4,MSFT,73.48,50
09:30:03.4,SPY,246.81,9
09:30:03.4,SPY,246.81,20
09:30:03.4,SPY,246.81,2
09:30:03.4,SPY,246.81,2
09:30:03.4,SPY,246.81,91
09:30:03.4,SPY,246.81,45
09:30:03.4,SPY,246.81,13
09:30:03.4,SPY,246.81,11
09:30:03.4,SPY,246.81,4
09:30:03.4,SPY,246.81,15
09:30:03.4,SPY,246.81,13
09:30:03.4,SPY,246.81,173
09:30:03.4,SPY,246.81,2
09:30:03.4,SPY,246.81,1
09:30:03.4,SPY,246.81,120
09:30:03.4,MSFT,73.5,1697
09:30:03.4,MSFT,73.5,3
09:30:03.6,MSFT,73.49,100
09:30:03.6,SPY,246.8001,3
09:30:03.6,SPY,246.82,21
09:30:03.6,SPY,246.82,30
09:30:03.6,SPY,246.8,78
09:30:03.7,MSFT,73.49,100
09:30:03.7,MSFT,73.485,100
09:30:03.8,MSFT,73.49,59
09:30:03.8,MSFT,73.49,41
09:30:03.8,MSFT,73.49,20
09:30:03.8,MSFT,73.5,19
09:30:03.8,MSFT,73.49,20
09:30:03.9,MSFT,73.4808,100
09:30:03.9,MSFT,73.5,2
09:30:04.0,MSFT,73.5217,50
09:30:04.0,MSFT,73.48,300
09:30:04.1,SPY,246.81,100
09:30:04.1,SPY,246.8,400
09:30:04.1,SPY,246.8,10
09:30:04.1,SPY,246.8,100
09:30:04.1,SPY,246.8,100
09:30:04.1,SPY,246.8,200
09:30:04.1,SPY,246.8,200
09:30:04.1,SPY,246.8,100
09:30:04.2,SPY,246.8,200
09:30:04.2,SPY,246.8,142
09:30:04.2,C,65.92,144880
09:30:04.2,SPY,246.8,400
09:30:04.2,C,65.92,31
09:30:04.2,C,65.91,100
09:30:04.2,C,65.91,100
09:30:04.2,C,65.92,100
09:30:04.2,C,65.92,100
09:30:04.2,C,65.92,74
09:30:04.2,C,65.92,100
09:30:04.2,C,65.91,60
09:30:04.2,C,65.92,100
09:30:04.2,C,65.92,100
09:30:04.2,C,65.91,31
09:30:04.2,C,65.93,50
09:30:04.2,SPY,246.8,100
09:30:04.2,MSFT,73.495,100
09:30:04.3,C,65.91,68
09:30:04.3,SPY,246.79,100
09:30:04.3,SPY,246.79,81
09:30:04.3,SPY,246.79,47
09:30:04.3,SPY,246.79,80
09:30:04.3,SPY,246.79,200
09:30:04.3,SPY,246.79,100
09:30:04.3,SPY,246.79,10
09:30:04.3,SPY,246.79,591
09:30:04.3,SPY,246.79,200
09:30:04.3,SPY,246.79,3
09:30:04.3,SPY,246.79,1100
09:30:04.3,SPY,246.79,1100
09:30:04.3,SPY,246.79,795
09:30:04.3,SPY,246.79,505
09:30:04.3,SPY,246.79,600
09:30:04.3,SPY,246.79,10
09:30:04.3,SPY,246.79,241
09:30:04.3,SPY,246.79,18
09:30:04.3,MSFT,73.5,60
09:30:04.3,MSFT,73.5,40
09:30:04.3,MSFT,73.5,60
09:30:04.3,MSFT,73.5,40
09:30:04.3,MSFT,73.5,60
09:30:04.3,MSFT,73.5,4
09:30:04.4,MSFT,73.51,129
09:30:04.4,SPY,246.81,100
09:30:04.4,SPY,246.81,100
09:30:04.4,MSFT,73.51,900
09:30:04.4,SPY,246.81,100
09:30:04.4,SPY,246.81,100
09:30:04.4,SPY,246.81,100
09:30:04.4,SPY,246.81,200
09:30:04.4,MSFT,73.53,1
09:30:04.5,MSFT,73.5,40
09:30:04.5,MSFT,73.48,100
09:30:04.5,MSFT,73.5,100
09:30:04.5,MSFT,73.48,50
09:30:04.5,MSFT,73.48,100
09:30:04.5,MSFT,73.48,100
09:30:04.5,MSFT,73.48,150
09:30:04.5,MSFT,73.5,100
09:30:04.5,MSFT,73.5,44
09:30:04.6,C,65.92,100
09:30:04.7,SPY,246.81,100
09:30:04.7,SPY,246.81,86
09:30:04.7,C,65.92,69
09:30:04.7,C,65.92,100
09:30:04.7,C,65.92,963
09:30:04.7,C,65.92,100
09:30:04.7,C,65.92,100
09:30:04.7,C,65.92,100
09:30:04.7,C,65.92,100
09:30:04.7,C,65.92,100
09:30:04.7,C,65.92,100
09:30:04.8,SPY,246.79,20
09:30:04.8,MSFT,73.5,50
09:30:04.8,MSFT,73.5,11
09:30:04.8,MSFT,73.5,35
09:30:04.8,MSFT,73.5,20
09:30:04.8,MSFT,73.5,40
09:30:04.8,MSFT,73.5,40
09:30:04.8,MSFT,73.5,50
09:30:04.8,MSFT,73.5,25
09:30:04.8,MSFT,73.5,8
09:30:04.8,MSFT,73.5,70
09:30:04.8,MSFT,73.5,157
09:30:04.8,MSFT,73.5,1
09:30:04.8,MSFT,73.5,1
09:30:04.8,MSFT,73.5,1
09:30:04.8,MSFT,73.5,1
09:30:04.8,MSFT,73.5,1
09:30:04.8,MSFT,73.5,2
09:30:04.8,MSFT,73.5,3
09:30:04.8,MSFT,73.5,4
09:30:04.8,MSFT,73.5,2
09:30:04.8,MSFT,73.5,3
09:30:04.8,MSFT,73.5,6
09:30:04.8,MSFT,73.5,5
09:30:04.8,MSFT,73.5,5
09:30:04.8,MSFT,73.5,4
09:30:04.8,MSFT,73.5,6
09:30:04.8,MSFT,73.5,1
09:30:04.8,MSFT,73.5,2
09:30:04.8,MSFT,73.5,3
09:30:04.8,C,65.915,400
09:30:04.8,MSFT,73.48,1
09:30:04.9,MSFT,73.5,10
09:30:04.9,MSFT,73.5,3
09:30:04.9,MSFT,73.5,2
09:30:04.9,MSFT,73.5,5
09:30:04.9,MSFT,73.5,9
09:30:04.9,MSFT,73.5,5
09:30:04.9,MSFT,73.5,7
09:30:04.9,MSFT,73.5,6
09:30:04.9,MSFT,73.5,1
09:30:04.9,MSFT,73.5,20
09:30:04.9,MSFT,73.5,3
09:30:04.9,MSFT,73.5,8
09:30:04.9,MSFT,73.5,100
09:30:04.9,MSFT,73.5,1
09:30:04.9,MSFT,73.5,14
09:30:04.9,MSFT,73.5,2
09:30:04.9,MSFT,73.5,3
09:30:04.9,MSFT,73.5,1
09:30:04.9,MSFT,73.5,1
09:30:04.9,MSFT,73.5,3
09:30:04.9,MSFT,73.5,39
09:30:04.9,MSFT,73.5,6
09:30:04.9,MSFT,73.5,1
09:30:04.9,MSFT,73.5,40
09:30:04.9,MSFT,73.5,1
09:30:04.9,MSFT,73.5,21
09:30:04.9,MSFT,73.5,6
09:30:04.9,MSFT,73.5,16
09:30:04.9,MSFT,73.5,5
09:30:04.9,MSFT,73.5,49
09:30:04.9,MSFT,73.5,135
09:30:04.9,MSFT,73.5,125
09:30:04.9,MSFT,73.5,100
09:30:04.9,MSFT,73.5,15
09:30:04.9,MSFT,73.5,400
09:30:04.9,MSFT,73.5,100
09:30:04.9,MSFT,73.5,89
09:30:04.9,MSFT,73.5,11
09:30:04.9,MSFT,73.5,100
09:30:04.9,MSFT,73.5,423
09:30:04.9,MSFT,73.5,200
09:30:04.9,MSFT,73.5,124
09:30:04.9,MSFT,73.5,37
09:30:04.9,MSFT,73.5,3
09:30:04.9,MSFT,73.5,10
09:30:04.9,MSFT,73.5,200
09:30:04.9,MSFT,73.5,2
09:30:05.0,MSFT,73.5,20
09:30:05.0,SPY,246.79,500
09:30:05.0,SPY,246.79,200
09:30:05.0,SPY,246.79,100
09:30:05.0,SPY,246.81,100
09:30:05.0,SPY,246.81,349
09:30:05.0,SPY,246.79,20
09:30:05.0,SPY,246.79,97
09:30:05.0,SPY,246.79,1500
09:30:05.0,SPY,246.79,100
09:30:05.0,SPY,246.79,1600
09:30:05.0,SPY,246.79,100
09:30:05.0,SPY,246.79,200
09:30:05.0,SPY,246.79,200
09:30:05.0,SPY,246.79,100
09:30:05.0,SPY,246.79,100
09:30:05.0,SPY,246.79,1000
09:30:05.0,SPY,246.79,500
09:30:05.0,SPY,246.79,590
09:30:05.0,SPY,246.79,200
09:30:05.0,SPY,246.79,100
09:30:05.0,SPY,246.79,100
09:30:05.0,SPY,246.79,500
09:30:05.0,SPY,246.79,500
09:30:05.0,SPY,246.79,100
09:30:05.0,SPY,246.79,200
09:30:05.0,SPY,246.79,200
09:30:05.0,SPY,246.79,100
09:30:05.0,SPY,246.79,100
09:30:05.0,SPY,246.79,310
09:30:05.1,SPY,246.79,101
09:30:05.1,MSFT,73.48,199
09:30:05.1,MSFT,73.48,100
09:30:05.1,MSFT,73.48,200
09:30:05.1,MSFT,73.48,1
09:30:05.1,MSFT,73.48,100
09:30:05.1,MSFT,73.48,200
09:30:05.1,MSFT,73.48,100
09:30:05.1,MSFT,73.48,100
09:30:05.1,MSFT,73.51,48
09:30:05.2,SPY,246.79,37
09:30:05.2,C,65.91,27
09:30:05.2,MSFT,73.53,1
09:30:05.3,SPY,246.79,100
09:30:05.3,SPY,246.81,16
09:30:05.4,MSFT,73.4991,100
09:30:05.4,MSFT,73.4993,98
09:30:05.4,MSFT,73.5,10
09:30:05.4,MSFT,73.5,3
09:30:05.4,MSFT,73.53,5
09:30:05.4,MSFT,73.5,26
09:30:05.4,MSFT,73.52,3
09:30:05.5,SPY,246.8,50
09:30:05.5,SPY,246.8,4
09:30:05.5,MSFT,73.49,20
09:30:05.6,C,65.92,1
09:30:06.0,MSFT,73.48,200
09:30:06.0,MSFT,73.48,100
09:30:06.0,MSFT,73.48,100
09:30:06.1,MSFT,73.48,200
09:30:06.1,MSFT,73.48,100
09:30:06.1,MSFT,73.48,100
09:30:06.1,MSFT,73.48,100
09:30:06.2,MSFT,73.49,100
09:30:06.2,MSFT,73.49,100
09:30:06.2,MSFT,73.49,100
09:30:06.2,MSFT,73.49,100
09:30:06.2,MSFT,73.49,100
09:30:06.2,MSFT,73.49,60
09:30:06.2,MSFT,73.49,100
09:30:06.2,MSFT,73.49,6
09:30:06.2,MSFT,73.49,100
09:30:06.2,MSFT,73.49,60
09:30:06.2,MSFT,73.49,9
09:30:06.2,MSFT,73.5,19
09:30:06.2,MSFT,73.48,61
09:30:06.2,SPY,246.809,1
09:30:06.2,SPY,246.8,100
09:30:06.3,MSFT,73.48,100
09:30:06.3,SPY,246.8,1200
09:30:06.3,SPY,246.8,100
09:30:06.4,MSFT,73.48,65
09:30:06.4,C,65.92,365
09:30:06.4,C,65.92,31
09:30:06.4,C,65.92,1
09:30:06.4,C,65.92,6
09:30:06.4,C,65.92,1
09:30:06.4,C,65.92,2
09:30:06.4,MSFT,73.495,300
09:30:06.4,C,65.92,7
09:30:06.4,C,65.92,1
09:30:06.4,C,65.92,12
09:30:06.4,C,65.92,3
09:30:06.4,C,65.92,20
09:30:06.4,MSFT,73.495,200
09:30:06.4,MSFT,73.49,28
09:30:06.4,MSFT,73.5,19
09:30:06.4,MSFT,73.48,100
09:30:06.6,MSFT,73.48,1
09:30:06.6,MSFT,73.48,100
09:30:06.7,MSFT,73.5077,200
09:30:06.9,MSFT,73.48,100
09:30:06.9,MSFT,73.5,100
09:30:06.9,MSFT,73.48,100
09:30:07.1,MSFT,73.5,19
09:30:07.2,MSFT,73.48,5
09:30:07.2,MSFT,73.51,2
09:30:07.2,MSFT,73.51,7
09:30:07.2,MSFT,73.51,16
09:30:07.5,C,65.915,100
09:30:07.5,C,65.92,100
09:30:07.5,C,65.915,6
09:30:07.5,C,65.92,200
09:30:07.5,MSFT,73.48,95
09:30:07.5,C,65.915,100
09:30:07.5,MSFT,73.48,100
09:30:07.5,C,65.92,200
09:30:07.5,C,65.92,25
09:30:07.5,C,65.92,100
09:30:07.5,C,65.92,75
09:30:07.5,C,65.92,100
09:30:07.5,C,65.92,100
09:30:07.5,C,65.92,100
09:30:07.5,C,65.92,100
09:30:07.5,C,65.92,100
09:30:07.5,C,65.92,1100
09:30:07.5,MSFT,73.48,5
09:30:07.5,MSFT,73.48,1
09:30:07.5,MSFT,73.48,199
09:30:07.5,MSFT,73.48,200
09:30:07.5,MSFT,73.48,200
09:30:07.6,MSFT,73.5,1
09:30:07.7,MSFT,73.47,21
09:30:07.8,MSFT,73.47,1
09:30:07.8,SPY,246.7995,13
09:30:07.9,SPY,246.79,80
09:30:07.9,SPY,246.79,4
09:30:08.1,MSFT,73.4844,100
09:30:08.1,MSFT,73.49,200
09:30:08.2,SPY,246.8,329
09:30:08.2,MSFT,73.47,100
09:30:08.2,MSFT,73.47,100
09:30:08.2,MSFT,73.47,200
09:30:08.2,MSFT,73.47,100
09:30:08.2,MSFT,73.47,100
09:30:08.3,SPY,246.8,100
09:30:08.3,SPY,246.8,100
09:30:08.3,SPY,246.8,100
09:30:08.3,SPY,246.8,100
09:30:08.3,SPY,246.8,800
09:30:08.3,SPY,246.8,100
09:30:08.3,SPY,246.8,100
09:30:08.3,SPY,246.8,1
09:30:08.3,SPY,246.7946,240
09:30:08.3,SPY,246.8,801
09:30:08.5,SPY,246.8,100
09:30:08.5,SPY,246.8,100
09:30:08.5,SPY,246.8,100
09:30:08.5,SPY,246.81,100
09:30:08.6,MSFT,73.49,19
09:30:08.6,MSFT,73.49,19
09:30:08.7,MSFT,73.51,4
09:30:08.7,MSFT,73.49,100
09:30:08.7,MSFT,73.51,3
09:30:08.8,MSFT,73.51,1
09:30:08.8,MSFT,73.47,2
09:30:08.9,MSFT,73.51,3
09:30:08.9,SPY,246.81,100
09:30:08.9,SPY,246.8,100
09:30:09.0,MSFT,73.51,14
09:30:09.0,MSFT,73.51,2
09:30:09.1,MSFT,73.51,3
09:30:09.1,MSFT,73.51,1
09:30:09.2,MSFT,73.5,3
09:30:09.2,MSFT,73.49,400
09:30:09.3,SPY,246.79,100
09:30:09.3,SPY,246.79,200
09:30:09.3,SPY,246.79,100
09:30:09.3,SPY,246.79,100
09:30:09.3,SPY,246.79,100
09:30:09.3,SPY,246.79,291
09:30:09.3,SPY,246.79,100
09:30:09.3,SPY,246.79,852
09:30:09.3,SPY,246.79,100
09:30:09.3,SPY,246.79,100
09:30:09.3,SPY,246.79,100
09:30:09.3,SPY,246.79,100
09:30:09.3,SPY,246.79,100
09:30:09.3,SPY,246.78,406
09:30:09.3,MSFT,73.51,19
09:30:09.4,MSFT,73.51,3
09:30:09.4,MSFT,73.51,2
09:30:09.5,C,65.92,200
09:30:09.5,C,65.92,100
09:30:09.5,C,65.92,200
09:30:09.5,MSFT,73.51,71
09:30:09.6,C,65.92,300
09:30:09.6,C,65.92,200
09:30:09.7,MSFT,73.47,105
09:30:09.8,SPY,246.78,160
09:30:09.8,SPY,246.78,10
09:30:09.8,SPY,246.78,100
09:30:09.8,SPY,246.7999,1
09:30:09.8,MSFT,73.47,3
09:30:09.8,SPY,246.79,100
09:30:10.0,SPY,246.77,106
09:30:10.0,MSFT,73.47,100
09:30:10.0,C,65.93,12
09:30:10.0,C,65.93,100
09:30:10.0,C,65.93,100
09:30:10.0,C,65.93,100
09:30:10.0,C,65.93,100
09:30:10.0,C,65.93,100
09:30:10.0,C,65.93,100
09:30:10.0,C,65.93,250
09:30:10.0,C,65.93,250
09:30:10.0,C,65.925,100
09:30:10.1,MSFT,73.49,19
09:30:10.4,SPY,246.78,20
09:30:10.5,SPY,246.77,500
09:30:10.5,SPY,246.8,900
09:30:10.5,SPY,246.77,200
09:30:10.5,SPY,246.77,100
09:30:10.5,SPY,246.77,500
09:30:10.5,SPY,246.77,100
09:30:10.5,SPY,246.77,600
09:30:10.5,SPY,246.8011,2000
09:30:10.6,SPY,246.78,500
09:30:10.7,MSFT,73.46,100
09:30:10.8,C,65.94,39
09:30:10.8,C,65.94,2
09:30:10.8,C,65.94,25
09:30:10.8,MSFT,73.53,1
09:30:11.2,C,65.94,16
09:30:11.2,C,65.94,1
09:30:11.2,C,65.94,1
09:30:11.2,C,65.93,20
09:30:11.2,C,65.93,3
09:30:11.2,C,65.94,3
09:30:11.2,C,65.93,2
09:30:11.2,C,65.93,2
09:30:11.2,C,65.93,200
09:30:11.2,C,65.93,98
09:30:11.2,C,65.93,200
09:30:11.2,C,65.93,200
09:30:11.2,C,65.94,100
09:30:11.2,C,65.93,100
09:30:11.2,C,65.93,100
09:30:11.2,C,65.93,100
09:30:11.3,MSFT,73.47,30
09:30:11.3,MSFT,73.46,120
09:30:11.3,MSFT,73.46,100
09:30:11.3,MSFT,73.46,120
09:30:11.3,MSFT,73.46,8
09:30:11.3,MSFT,73.46,80
09:30:11.3,MSFT,73.46,92
09:30:11.5,C,65.93,2
09:30:11.5,MSFT,73.45,100
09:30:11.5,MSFT,73.45,1
09:30:11.5,MSFT,73.45,1
09:30:11.5,MSFT,73.45,2
09:30:11.5,MSFT,73.45,300
09:30:11.5,MSFT,73.45,11
09:30:11.5,MSFT,73.45,185
09:30:11.5,MSFT,73.45,1
09:30:11.5,MSFT,73.45,200
09:30:11.5,MSFT,73.4501,100
09:30:11.5,MSFT,73.45,200
09:30:11.6,C,65.93,6
09:30:11.7,SPY,246.77,361
09:30:11.7,MSFT,73.51,26
09:30:11.8,C,65.93,1
09:30:11.8,MSFT,73.5,6
09:30:11.8,MSFT,73.46,6
09:30:11.8,MSFT,73.45,15
09:30:11.8,MSFT,73.45,31
09:30:11.8,MSFT,73.45,100
09:30:11.8,MSFT,73.45,100
09:30:11.8,MSFT,73.45,400
09:30:11.9,MSFT,73.45,100
09:30:11.9,MSFT,73.44,303
09:30:11.9,MSFT,73.44,100
09:30:11.9,MSFT,73.44,100
09:30:11.9,MSFT,73.44,45
09:30:11.9,MSFT,73.44,100
09:30:11.9,MSFT,73.44,100
09:30:11.9,MSFT,73.44,100
09:30:11.9,MSFT,73.44,100
09:30:11.9,MSFT,73.44,100
09:30:11.9,MSFT,73.44,400
09:30:11.9,MSFT,73.44,100
09:30:11.9,MSFT,73.43,100
09:30:11.9,MSFT,73.43,100
09:30:11.9,SPY,246.78,50
09:30:12.0,MSFT,73.43,300
09:30:12.0,C,65.92,55
09:30:12.2,MSFT,73.5,22
09:30:12.6,MSFT,73.43,100
09:30:12.6,MSFT,73.43,100
09:30:12.6,MSFT,73.43,200
09:30:12.6,MSFT,73.43,100
09:30:12.7,MSFT,73.5,19
09:30:12.7,MSFT,73.43,100
09:30:12.7,MSFT,73.43,100
09:30:12.7,MSFT,73.43,100
09:30:12.7,MSFT,73.44,100
09:30:12.7,MSFT,73.44,100
09:30:12.7,MSFT,73.44,400
09:30:12.8,MSFT,73.5,19
09:30:12.8,MSFT,73.44,250
09:30:13.2,C,65.94,24
09:30:13.2,C,65.94,100
09:30:13.2,MSFT,73.5,19
09:30:13.7,MSFT,73.5,19
09:30:14.0,MSFT,73.5,36
09:30:14.1,MSFT,73.47,100
09:30:14.1,MSFT,73.47,300
09:30:14.4,MSFT,73.47,1
09:30:14.5,MSFT,73.43,100
09:30:14.5,MSFT,73.44,100
09:30:14.5,MSFT,73.43,500
09:30:14.5,MSFT,73.43,372
09:30:14.5,MSFT,73.43,1
09:30:14.5,MSFT,73.42,1
09:30:14.5,MSFT,73.42,30
09:30:14.5,MSFT,73.42,70
09:30:14.5,MSFT,73.41,136
09:30:14.5,MSFT,73.41,50
09:30:14.5,MSFT,73.43,200
09:30:14.5,MSFT,73.43,100
09:30:14.5,MSFT,73.43,27
09:30:14.5,MSFT,73.45,30
09:30:14.5,MSFT,73.42,100
09:30:14.6,C,65.92,415
09:30:14.9,MSFT,73.4416,10
09:30:14.9,MSFT,73.432,25
09:30:14.9,MSFT,73.43,25
09:30:14.9,MSFT,73.45,80
09:30:15.0,MSFT,73.45,100
09:30:15.0,MSFT,73.45,100
09:30:15.0,MSFT,73.45,500
09:30:15.0,MSFT,73.45,100
09:30:15.0,MSFT,73.45,100
09:30:15.0,MSFT,73.45,100
09:30:15.0,MSFT,73.45,100
09:30:15.0,MSFT,73.45,400
09:30:15.0,MSFT,73.45,100
09:30:15.0,MSFT,73.44,300
09:30:15.0,MSFT,73.43,400
09:30:15.0,MSFT,73.44,300
09:30:15.0,MSFT,73.45,200
09:30:15.1,MSFT,73.46,100
09:30:15.1,MSFT,73.47,70
09:30:15.1,MSFT,73.47,30
09:30:15.1,MSFT,73.46,200
09:30:15.1,MSFT,73.47,300
09:30:15.1,MSFT,73.46,600
09:30:15.1,MSFT,73.46,200
09:30:15.1,MSFT,73.47,100
09:30:15.1,MSFT,73.47,100
09:30:15.1,MSFT,73.45,100
09:30:15.1,MSFT,73.47,100
09:30:15.1,MSFT,73.47,100
09:30:15.1,MSFT,73.46,400
09:30:15.1,MSFT,73.47,100
09:30:15.1,MSFT,73.47,400
09:30:15.1,MSFT,73.47,70
09:30:15.1,MSFT,73.47,30
09:30:15.1,MSFT,73.47,300
09:30:15.1,MSFT,73.47,100
09:30:15.1,MSFT,73.47,100
09:30:15.1,MSFT,73.4625,200
09:30:15.1,MSFT,73.47,100
09:30:15.1,MSFT,73.47,200
09:30:15.1,MSFT,73.455,100
09:30:15.1,MSFT,73.47,100
09:30:15.1,MSFT,73.47,100
09:30:15.1,SPY,246.78,39
09:30:15.1,SPY,246.78,6
09:30:15.1,SPY,246.79,100
09:30:15.1,SPY,246.79,1000
09:30:15.1,SPY,246.79,100
09:30:15.1,SPY,246.79,100
09:30:15.1,SPY,246.79,1000
09:30:15.1,SPY,246.79,100
09:30:15.1,MSFT,73.45,100
09:30:15.1,SPY,246.79,61
09:30:15.1,MSFT,73.4425,100
09:30:15.2,MSFT,73.45,100
09:30:15.2,MSFT,73.48,200
09:30:15.2,MSFT,73.45,100
09:30:15.3,C,65.93,100
09:30:15.6,SPY,246.78,636
09:30:15.6,SPY,246.78,100
09:30:15.6,SPY,246.78,400
09:30:15.6,SPY,246.79,39
09:30:15.6,SPY,246.79,61
09:30:15.6,SPY,246.79,100
09:30:15.6,SPY,246.79,100
09:30:15.6,SPY,246.79,900
09:30:15.6,SPY,246.79,100
09:30:15.6,SPY,246.79,39
09:30:15.6,SPY,246.79,61
09:30:15.6,SPY,246.79,400
09:30:15.6,SPY,246.79,39
09:30:15.6,SPY,246.79,25
09:30:15.9,SPY,246.78,200
09:30:16.3,C,65.94,100
09:30:16.3,C,65.94,22
09:30:16.3,C,65.94,183
09:30:16.3,C,65.94,78
09:30:16.3,C,65.94,300
09:30:16.3,C,65.94,117
09:30:16.3,C,65.94,100
09:30:16.3,C,65.94,100
09:30:16.3,C,65.94,20
09:30:16.3,C,65.94,80
09:30:16.4,C,65.94,200
09:30:16.7,MSFT,73.43,6
09:30:16.7,C,65.91,282
09:30:16.8,MSFT,73.4701,2
09:30:16.8,MSFT,73.449,350
09:30:16.9,C,65.94,300
09:30:17.0,C,65.94,100
09:30:17.0,C,65.94,200
09:30:17.0,C,65.94,100
09:30:17.1,MSFT,73.4701,3
09:30:17.1,MSFT,73.45,499
09:30:17.1,C,65.94,100
09:30:17.1,C,65.94,25
09:30:17.1,C,65.95,25
09:30:17.1,MSFT,73.4301,2
09:30:17.4,C,65.93,500
09:30:17.4,C,65.93,100
09:30:17.4,C,65.93,730
09:30:17.4,C,65.93,100
09:30:17.4,C,65.93,200
09:30:17.6,SPY,246.78,28
09:30:17.6,SPY,246.77,1800
09:30:17.6,SPY,246.7701,100
09:30:17.6,SPY,246.78,72
09:30:17.6,SPY,246.7701,76
09:30:17.6,SPY,246.773,228
09:30:17.6,SPY,246.77,10
09:30:17.6,SPY,246.77,276
09:30:17.7,MSFT,73.4404,17
09:30:18.1,C,65.93,100
09:30:18.1,C,65.94,9
09:30:18.1,C,65.94,300
09:30:18.1,C,65.94,4
09:30:18.1,C,65.9349,14
09:30:18.4,MSFT,73.46,100
09:30:18.4,MSFT,73.47,200
09:30:18.4,MSFT,73.47,100
09:30:18.4,MSFT,73.47,100
09:30:18.4,MSFT,73.46,100
09:30:18.4,MSFT,73.5,200
09:30:18.4,MSFT,73.44,100
09:30:18.4,MSFT,73.455,100
09:30:19.0,C,65.92,164
09:30:19.3,MSFT,73.445,100
09:30:19.7,SPY,246.77,1400
09:30:19.7,SPY,246.77,300
09:30:19.7,SPY,246.77,400
09:30:19.7,SPY,246.77,100
09:30:20.1,SPY,246.7708,72
09:30:20.1,SPY,246.7708,228
09:30:20.3,MSFT,73.43,100
09:30:20.3,MSFT,73.445,100
09:30:20.3,MSFT,73.445,100
09:30:20.4,MSFT,73.445,100
09:30:20.4,C,65.93,200
09:30:20.7,MSFT,73.46,100
09:30:20.7,MSFT,73.46,100
09:30:20.7,MSFT,73.46,100
09:30:21.1,MSFT,73.47,100
09:30:21.1,MSFT,73.47,100
09:30:21.3,MSFT,73.46,300
09:30:21.3,MSFT,73.46,100
09:30:21.3,SPY,246.81,1
09:30:21.4,MSFT,73.455,600
09:30:22.2,SPY,246.77,1000
09:30:22.6,MSFT,73.46,100
09:30:23.0,MSFT,73.47,100
09:30:23.0,MSFT,73.47,20
09:30:23.0,MSFT,73.47,100
09:30:23.1,C,65.94,100
09:30:23.1,C,65.94,200
09:30:23.1,C,65.94,100
09:30:23.1,C,65.94,100
09:30:23.1,C,65.94,100
09:30:23.1,C,65.95,301
09:30:23.1,C,65.95,150
09:30:23.1,C,65.935,4
09:30:23.1,C,65.94,100
09:30:23.3,MSFT,73.47,100
09:30:23.4,SPY,246.78,300
09:30:23.4,SPY,246.78,100
09:30:23.4,SPY,246.78,1600
09:30:24.0,MSFT,73.47,100
09:30:24.0,MSFT,73.46,9
09:30:24.0,MSFT,73.465,100
09:30:24.6,MSFT,73.465,100
09:30:24.6,MSFT,73.465,100
09:30:24.6,MSFT,73.465,100
09:30:24.6,MSFT,73.465,100
09:30:24.6,MSFT,73.4521,300
09:30:24.6,MSFT,73.4511,100
09:30:24.6,MSFT,73.45,600
09:30:24.6,MSFT,73.465,100
09:30:24.6,MSFT,73.45,100
09:30:24.6,MSFT,73.45,100
09:30:24.6,MSFT,73.465,100
09:30:24.6,MSFT,73.46,91
09:30:24.6,MSFT,73.45,100
09:30:24.6,MSFT,73.465,252
09:30:24.8,MSFT,73.46,180
09:30:24.8,MSFT,73.4619,820
09:30:25.0,C,65.95,100
09:30:25.0,C,65.95,100
09:30:25.0,C,65.95,203
09:30:25.0,C,65.96,2
09:30:25.0,C,65.96,8
09:30:25.0,C,65.96,100
09:30:25.0,C,65.96,100
09:30:25.0,C,65.96,3
09:30:25.0,C,65.96,97
09:30:25.0,C,65.96,92
09:30:25.0,C,65.96,98
09:30:25.0,C,65.96,100
09:30:25.0,C,65.96,100
09:30:25.0,C,65.95,200
09:30:25.0,C,65.9593,100
09:30:25.5,MSFT,73.46,200
09:30:25.5,MSFT,73.45,200
09:30:25.6,MSFT,73.46,102
09:30:25.6,MSFT,73.46,100
09:30:25.6,MSFT,73.46,100
09:30:25.6,MSFT,73.45,98
09:30:25.7,MSFT,73.45,28
09:30:25.7,SPY,246.77,400
09:30:25.8,SPY,246.77,1600
09:30:25.9,C,65.94,63
09:30:26.0,MSFT,73.45,100
09:30:26.1,C,65.95,5
09:30:26.4,SPY,246.81,1
09:30:26.7,SPY,246.78,60
09:30:26.7,SPY,246.78,100
09:30:26.7,SPY,246.78,600
09:30:26.7,SPY,246.78,100
09:30:26.7,SPY,246.79,400
09:30:26.7,SPY,246.79,100
09:30:26.7,SPY,246.79,100
09:30:26.7,SPY,246.79,100
09:30:26.7,SPY,246.79,300
09:30:26.7,SPY,246.79,200
09:30:26.7,SPY,246.79,20
09:30:26.7,SPY,246.79,100
09:30:26.7,SPY,246.79,500
09:30:26.7,SPY,246.79,300
09:30:26.7,SPY,246.79,100
09:30:26.7,SPY,246.8,500
09:30:26.7,SPY,246.78,100
09:30:26.7,SPY,246.79,200
09:30:26.7,SPY,246.8,100
09:30:26.7,SPY,246.8,500
09:30:26.7,SPY,246.79,200
09:30:26.7,SPY,246.8,100
09:30:26.7,SPY,246.79,100
09:30:26.7,SPY,246.78,2006
09:30:26.7,SPY,246.78,1000
09:30:26.7,SPY,246.78,100
09:30:26.7,SPY,246.78,1
09:30:26.7,SPY,246.79,100
09:30:26.7,SPY,246.79,100
09:30:26.7,SPY,246.79,100
09:30:26.7,SPY,246.79,100
09:30:26.7,SPY,246.8,100
09:30:26.7,SPY,246.79,1000
09:30:26.7,SPY,246.78,100
09:30:26.7,SPY,246.79,100
09:30:26.7,SPY,246.79,100
09:30:26.7,SPY,246.79,200
09:30:26.7,SPY,246.8,10
09:30:26.7,SPY,246.8,200
09:30:26.7,SPY,246.8,25
09:30:26.7,SPY,246.8,10
09:30:26.7,SPY,246.81,100
09:30:26.7,SPY,246.81,200
09:30:26.7,SPY,246.81,100
09:30:26.7,SPY,246.81,100
09:30:26.7,SPY,246.81,100
09:30:26.7,SPY,246.81,10
09:30:26.7,SPY,246.81,100
09:30:26.7,SPY,246.81,20
09:30:26.8,SPY,246.81,10
09:30:26.8,MSFT,73.48,6
09:30:27.0,SPY,246.81,490
09:30:27.1,SPY,246.81,100
09:30:27.1,SPY,246.81,100
09:30:27.1,SPY,246.81,100
09:30:27.1,SPY,246.8,100
09:30:27.1,SPY,246.81,100
09:30:27.1,SPY,246.81,100
09:30:27.1,SPY,246.81,100
09:30:27.1,SPY,246.81,100
09:30:27.1,SPY,246.81,100
09:30:27.1,C,65.96,1
09:30:27.1,SPY,246.81,100
09:30:27.1,SPY,246.81,100
09:30:27.1,SPY,246.81,100
09:30:27.1,SPY,246.81,3017
09:30:27.2,SPY,246.82,200
09:30:27.2,SPY,246.82,200
09:30:27.4,SPY,246.8,100
09:30:27.4,SPY,246.8,100
09:30:27.4,SPY,246.81,1
09:30:27.4,C,65.959,151
09:30:27.6,C,65.96,100
09:30:27.7,SPY,246.8,100
09:30:27.8,SPY,246.8,1000
09:30:27.8,SPY,246.8,100
09:30:27.8,SPY,246.8,100
09:30:27.8,SPY,246.82,200
09:30:27.8,SPY,246.82,10
09:30:27.8,SPY,246.82,100
09:30:27.8,SPY,246.82,200
09:30:27.8,SPY,246.82,100
09:30:27.8,SPY,246.82,200
09:30:27.8,SPY,246.82,122
09:30:27.8,SPY,246.82,78
09:30:27.8,SPY,246.82,100
09:30:27.8,SPY,246.82,200
09:30:27.8,SPY,246.81,1000
09:30:27.8,SPY,246.81,2000
09:30:27.8,SPY,246.82,100
09:30:27.8,SPY,246.81,200
09:30:27.8,SPY,246.81,800
09:30:27.8,SPY,246.81,58
09:30:28.0,SPY,246.81,100
09:30:28.0,SPY,246.81,100
09:30:28.0,SPY,246.81,100
09:30:28.0,SPY,246.81,100
09:30:28.0,SPY,246.81,100
09:30:28.0,C,65.96,100
09:30:28.0,C,65.96,100
09:30:28.2,SPY,246.81,100
09:30:28.3,MSFT,73.4501,35
09:30:28.3,MSFT,73.4766,279
09:30:28.4,MSFT,73.4645,218
09:30:28.5,SPY,246.8,2000
09:30:28.8,C,65.97,100
09:30:28.8,C,65.97,300
09:30:28.8,C,65.97,1
09:30:29.0,SPY,246.8,100
09:30:29.0,SPY,246.8,100
09:30:29.1,SPY,246.8,100
09:30:29.1,MSFT,73.465,100
09:30:29.1,MSFT,73.465,100
09:30:29.2,C,65.97,200
09:30:29.4,SPY,246.8,100
09:30:29.4,SPY,246.81,200
09:30:29.4,SPY,246.81,100
09:30:29.6,SPY,246.8,100
09:30:29.7,C,65.92,1
09:30:30.0,SPY,246.8,100
09:30:30.0,SPY,246.8,100
09:30:30.0,SPY,246.8,10
09:30:30.0,SPY,246.8,90
09:30:30.0,SPY,246.8,100
09:30:30.0,SPY,246.8,1000
09:30:30.0,SPY,246.8,1100
09:30:30.0,SPY,246.8,10
09:30:30.0,SPY,246.8,578
09:30:30.0,SPY,246.8,800
09:30:30.0,SPY,246.8,22
09:30:30.0,SPY,246.8,88
09:30:30.0,SPY,246.8,39
09:30:30.1,SPY,246.8,100
09:30:30.2,SPY,246.8,600
09:30:30.4,SPY,246.8,500
09:30:30.7,SPY,246.81,1000
09:30:30.7,SPY,246.81,500
09:30:30.8,SPY,246.8,200
09:30:31.0,SPY,246.8,10
09:30:31.0,SPY,246.8,100
09:30:31.0,SPY,246.8,100
09:30:31.0,SPY,246.8,100
09:30:31.0,SPY,246.8,100
09:30:31.2,SPY,246.81,1
09:30:31.4,SPY,246.8,100
09:30:31.4,SPY,246.8,100
09:30:31.4,SPY,246.8,100
09:30:31.5,SPY,246.8,300
09:30:32.2,SPY,246.8,300
09:30:32.2,SPY,246.8,100
09:30:32.2,SPY,246.8,100
09:30:32.2,MSFT,73.4683,55
09:30:32.3,MSFT,73.47,300
09:30:32.3,SPY,246.8,100
09:30:32.3,SPY,246.8,100
09:30:32.3,MSFT,73.47,1200
09:30:32.5,C,65.92,1
09:30:32.7,MSFT,73.48,200
09:30:32.7,MSFT,73.48,100
09:30:32.7,MSFT,73.48,100
09:30:32.7,MSFT,73.48,30
09:30:32.7,MSFT,73.48,100
09:30:32.7,MSFT,73.48,400
09:30:32.7,MSFT,73.48,100
09:30:32.7,MSFT,73.48,100
09:30:32.7,MSFT,73.48,100
09:30:32.7,MSFT,73.485,100
09:30:32.7,MSFT,73.49,100
09:30:32.8,MSFT,73.485,200
09:30:32.8,MSFT,73.485,200
09:30:33.1,MSFT,73.49,100
09:30:33.1,MSFT,73.49,100
09:30:33.1,MSFT,73.49,200
09:30:33.1,SPY,246.7943,1082
09:30:33.3,SPY,246.796,1000
09:30:33.5,MSFT,73.5,100
09:30:33.5,MSFT,73.49,100
09:30:33.6,MSFT,73.5,100
09:30:33.7,C,65.92,1
09:30:33.7,SPY,246.81,1
09:30:33.7,SPY,246.79,500
09:30:34.0,MSFT,73.49,100
09:30:34.0,MSFT,73.49,200
09:30:34.1,MSFT,73.5,100
09:30:34.1,MSFT,73.5,100
09:30:34.2,MSFT,73.5,65
09:30:34.3,SPY,246.79,100
09:30:34.3,SPY,246.79,100
09:30:34.3,SPY,246.79,800
09:30:34.5,SPY,246.79,500
09:30:34.7,MSFT,73.52,100
09:30:34.9,MSFT,73.52,100
09:30:34.9,MSFT,73.51,100
09:30:34.9,MSFT,73.51,100
09:30:34.9,SPY,246.8,100
09:30:34.9,SPY,246.79,2000
09:30:34.9,SPY,246.79,80
09:30:35.0,MSFT,73.502,50
09:30:35.2,MSFT,73.5,85
09:30:35.3,MSFT,73.5,1
09:30:35.3,MSFT,73.5,1
09:30:35.5,SPY,246.79,500
09:30:35.5,MSFT,73.515,500
09:30:35.5,MSFT,73.5,5
09:30:35.5,MSFT,73.5135,220
09:30:35.6,MSFT,73.53,100
09:30:35.6,MSFT,73.53,100
09:30:36.1,MSFT,73.53,100
09:30:36.1,MSFT,73.53,100
09:30:36.6,MSFT,73.53,100
09:30:36.7,SPY,246.79,500
09:30:37.1,C,65.92,1
09:30:37.4,SPY,246.8,600
09:30:37.4,SPY,246.8,1018
09:30:37.4,SPY,246.8,600
09:30:37.4,SPY,246.8,100
09:30:37.4,SPY,246.8,100
09:30:37.5,MSFT,73.54,100
09:30:37.5,MSFT,73.54,200
09:30:37.5,SPY,246.8,200
09:30:37.5,SPY,246.8,400
09:30:37.7,SPY,246.8,56
09:30:37.7,SPY,246.8,44
09:30:37.8,SPY,246.8,69
09:30:37.8,SPY,246.8,13
09:30:37.9,SPY,246.8,500
09:30:37.9,SPY,246.8,700
09:30:37.9,SPY,246.8011,2300
09:30:37.9,SPY,246.81,100
09:30:37.9,SPY,246.8011,417
09:30:37.9,SPY,246.8,100
09:30:37.9,SPY,246.801,200
09:30:38.0,MSFT,73.54,4
09:30:38.0,MSFT,73.54,23
09:30:38.0,MSFT,73.54,1
09:30:38.0,SPY,246.8,1000
09:30:38.2,C,65.97,3
09:30:38.2,C,65.97,20
09:30:38.2,C,65.97,80
09:30:38.2,C,65.97,197
09:30:38.2,C,65.97,100
09:30:38.2,C,65.97,100
09:30:38.3,C,65.92,1
09:30:38.6,MSFT,73.55,50
09:30:38.6,MSFT,73.55,350
09:30:38.6,MSFT,73.55,150
09:30:38.6,MSFT,73.55,2
09:30:38.6,MSFT,73.55,50
09:30:38.6,MSFT,73.55,198
09:30:38.6,MSFT,73.55,2
09:30:38.6,MSFT,73.55,7
09:30:38.6,MSFT,73.55,135
09:30:38.6,MSFT,73.55,6
09:30:38.6,MSFT,73.55,28
09:30:38.6,MSFT,73.55,2
09:30:38.6,MSFT,73.55,15
09:30:38.6,MSFT,73.55,100
09:30:38.6,MSFT,73.55,4
09:30:38.6,MSFT,73.55,1
09:30:38.6,MSFT,73.55,6
09:30:38.6,MSFT,73.55,34
09:30:38.6,MSFT,73.55,44
09:30:38.6,MSFT,73.55,80
09:30:38.7,MSFT,73.57,100
09:30:38.9,C,65.97,450
09:30:38.9,C,65.97,80
09:30:38.9,C,65.97,120
09:30:39.0,MSFT,73.57,100
09:30:39.0,MSFT,73.57,200
09:30:39.0,SPY,246.8,200
09:30:39.0,SPY,246.8,500
09:30:39.0,SPY,246.8,500
09:30:39.0,SPY,246.8,600
09:30:39.0,SPY,246.8,200
09:30:39.1,SPY,246.8,200
09:30:39.1,SPY,246.8,200
09:30:39.1,SPY,246.8,500
09:30:39.1,SPY,246.8,100
09:30:39.1,SPY,246.8,600
09:30:39.1,SPY,246.8,200
09:30:39.1,SPY,246.8,200
09:30:39.1,SPY,246.8,500
09:30:39.2,MSFT,73.55,121
09:30:39.3,SPY,246.81,1
09:30:39.4,MSFT,73.57,200
09:30:39.8,MSFT,73.55,100
09:30:39.8,MSFT,73.55,100
09:30:39.8,MSFT,73.55,200
09:30:39.8,MSFT,73.55,100
09:30:39.9,MSFT,73.57,100
09:30:39.9,MSFT,73.55,53
09:30:40.4,MSFT,73.57,200
09:30:40.9,MSFT,73.57,100
09:30:41.1,SPY,246.8011,1700
09:30:41.1,SPY,246.8,900
09:30:41.1,SPY,246.8008,100
09:30:41.2,SPY,246.81,300
09:30:41.2,SPY,246.81,100
09:30:41.2,SPY,246.81,159
09:30:41.3,MSFT,73.56,100
09:30:41.3,SPY,246.8,100
09:30:41.3,SPY,246.8,100
09:30:41.3,SPY,246.8,300
09:30:41.3,MSFT,73.56,100
09:30:41.3,MSFT,73.56,100
09:30:41.3,MSFT,73.55,100
09:30:41.3,MSFT,73.55,100
09:30:41.3,MSFT,73.55,100
09:30:41.3,MSFT,73.55,521
09:30:41.3,MSFT,73.56,35
09:30:41.3,MSFT,73.55,100
09:30:41.3,MSFT,73.55,65
09:30:41.3,MSFT,73.55,358
09:30:41.3,MSFT,73.55,100
09:30:41.3,MSFT,73.55,47
09:30:41.3,MSFT,73.55,1
09:30:41.3,MSFT,73.54,100
09:30:41.3,MSFT,73.54,100
09:30:41.3,MSFT,73.54,99
09:30:41.3,MSFT,73.54,1
09:30:41.3,MSFT,73.54,200
09:30:41.3,MSFT,73.54,100
09:30:41.3,MSFT,73.54,71
09:30:41.3,MSFT,73.54,29
09:30:41.3,MSFT,73.545,100
09:30:41.3,MSFT,73.54,100
09:30:41.3,MSFT,73.54,100
09:30:41.3,MSFT,73.54,100
09:30:41.3,MSFT,73.53,100
09:30:41.3,MSFT,73.52,100
09:30:41.3,MSFT,73.54,100
09:30:41.3,MSFT,73.54,200
09:30:41.3,MSFT,73.54,100
09:30:41.3,MSFT,73.53,100
09:30:41.3,MSFT,73.535,100
09:30:41.3,MSFT,73.54,100
09:30:41.3,MSFT,73.54,200
09:30:41.3,MSFT,73.54,200
09:30:41.3,MSFT,73.53,100
09:30:41.3,MSFT,73.53,100
09:30:42.3,C,65.97,100
09:30:42.4,SPY,246.8009,700
09:30:42.5,SPY,246.79,10
09:30:42.5,MSFT,73.5101,6
09:30:42.5,MSFT,73.51,100
09:30:43.3,C,65.9693,238
09:30:43.3,MSFT,73.5238,120
09:30:43.5,MSFT,73.52,100
09:30:43.5,MSFT,73.53,100
09:30:43.7,MSFT,73.54,100
09:30:43.7,MSFT,73.53,1
09:30:43.8,MSFT,73.53,57
09:30:44.0,SPY,246.8,100
09:30:44.2,SPY,246.8,600
09:30:44.2,MSFT,73.54,100
09:30:44.4,MSFT,73.53,700
09:30:44.4,MSFT,73.53,1800
09:30:44.4,C,65.97,100
09:30:44.4,C,65.97,100
09:30:44.4,C,65.97,100
09:30:44.4,C,65.97,100
09:30:44.4,C,65.97,400
09:30:44.5,MSFT,73.5201,10
09:30:44.6,MSFT,73.5201,2
09:30:44.7,MSFT,73.54,100
09:30:45.0,MSFT,73.538,100
09:30:45.1,SPY,246.79,1900
09:30:45.1,SPY,246.79,1700
09:30:45.1,SPY,246.79,2000
09:30:45.1,SPY,246.79,2000
09:30:45.1,SPY,246.79,200
09:30:45.1,SPY,246.79,100
09:30:45.1,SPY,246.79,100
09:30:45.1,SPY,246.79,500
09:30:45.1,SPY,246.79,200
09:30:45.1,SPY,246.79,800
09:30:45.1,SPY,246.79,600
09:30:45.1,SPY,246.79,1100
09:30:45.1,SPY,246.79,700
09:30:45.1,SPY,246.79,1000
09:30:45.1,SPY,246.79,600
09:30:45.1,SPY,246.79,100
09:30:45.1,SPY,246.79,100
09:30:45.1,SPY,246.79,400
09:30:45.1,SPY,246.79,100
09:30:45.1,SPY,246.79,400
09:30:45.1,SPY,246.79,300
09:30:45.1,SPY,246.79,1100
09:30:45.1,SPY,246.79,100
09:30:45.1,SPY,246.79,200
09:30:45.1,SPY,246.79,100
09:30:45.1,SPY,246.79,100
09:30:45.1,SPY,246.79,300
09:30:45.1,SPY,246.79,100
09:30:45.1,SPY,246.79,100
09:30:45.1,SPY,246.79,100
09:30:45.1,SPY,246.79,300
09:30:45.1,SPY,246.79,100
09:30:45.1,SPY,246.79,100
09:30:45.1,SPY,246.79,200
09:30:45.1,SPY,246.79,100
09:30:45.1,SPY,246.7899,100
09:30:45.1,SPY,246.7899,100
09:30:45.2,SPY,246.79,100
09:30:45.2,SPY,246.7899,100
09:30:45.2,MSFT,73.54,100
09:30:45.2,SPY,246.7899,100
09:30:45.2,MSFT,73.54,100
09:30:45.2,C,65.98,15
09:30:45.2,SPY,246.79,100
09:30:45.2,SPY,246.7899,100
09:30:45.7,SPY,246.79,100
09:30:45.7,SPY,246.79,500
09:30:45.7,SPY,246.79,1000
09:30:45.7,SPY,246.79,100
09:30:45.7,SPY,246.79,200
09:30:45.7,SPY,246.79,1000
09:30:45.7,SPY,246.79,500
09:30:45.7,MSFT,73.54,100
09:30:45.7,SPY,246.79,1100
09:30:45.7,SPY,246.78,10
09:30:45.7,SPY,246.78,300
09:30:45.7,SPY,246.78,100
09:30:45.7,SPY,246.78,100
09:30:45.7,SPY,246.78,100
09:30:45.7,SPY,246.78,10
09:30:45.7,SPY,246.78,100
09:30:45.7,SPY,246.78,100
09:30:45.7,MSFT,73.52,400
09:30:45.7,SPY,246.78,100
09:30:45.7,SPY,246.78,100
09:30:45.7,SPY,246.78,400
09:30:45.7,MSFT,73.53,100
09:30:45.7,MSFT,73.52,200
09:30:45.7,MSFT,73.52,200
09:30:45.7,MSFT,73.53,100
09:30:45.7,MSFT,73.52,100
09:30:45.7,MSFT,73.52,200
09:30:45.7,MSFT,73.52,100
09:30:45.7,MSFT,73.52,100
09:30:45.7,MSFT,73.52,100
09:30:45.7,MSFT,73.52,100
09:30:45.7,MSFT,73.52,100
09:30:45.7,MSFT,73.52,100
09:30:45.7,MSFT,73.525,100
09:30:45.7,MSFT,73.52,100
09:30:45.7,MSFT,73.52,100
09:30:45.7,MSFT,73.53,100
09:30:45.7,MSFT,73.54,100
09:30:45.7,MSFT,73.54,200
09:30:45.7,MSFT,73.54,100
09:30:45.7,MSFT,73.54,100
09:30:45.7,MSFT,73.54,100
09:30:45.8,MSFT,73.54,200
09:30:45.8,MSFT,73.54,100
09:30:45.8,MSFT,73.54,100
09:30:45.8,MSFT,73.54,100
09:30:45.8,MSFT,73.55,4
09:30:45.8,MSFT,73.54,100
09:30:45.8,MSFT,73.54,100
09:30:45.8,MSFT,73.54,100
09:30:45.8,MSFT,73.54,100
09:30:45.8,MSFT,73.54,100
09:30:45.8,MSFT,73.54,100
09:30:45.8,MSFT,73.54,200
09:30:45.8,MSFT,73.55,100
09:30:45.8,MSFT,73.53,100
09:30:45.8,MSFT,73.53,100
09:30:45.8,MSFT,73.53,500
09:30:46.2,C,65.98,100
09:30:46.3,SPY,246.78,17
09:30:46.4,SPY,246.77,100
09:30:46.4,SPY,246.77,100
09:30:46.4,SPY,246.77,100
09:30:46.4,SPY,246.77,2000
09:30:46.4,SPY,246.77,300
09:30:46.5,SPY,246.77,100
09:30:46.5,SPY,246.77,200
09:30:46.5,SPY,246.77,11
09:30:46.5,SPY,246.77,12
09:30:46.5,SPY,246.77,11
09:30:46.5,SPY,246.77,266
09:30:46.5,SPY,246.77,600
09:30:46.5,SPY,246.77,200
09:30:46.5,SPY,246.77,600
09:30:46.5,MSFT,73.54,100
09:30:46.5,MSFT,73.54,100
09:30:46.9,SPY,246.7711,1000
09:30:46.9,SPY,246.77,300
09:30:46.9,SPY,246.77,500
09:30:46.9,SPY,246.77,100
09:30:46.9,SPY,246.77,132
09:30:47.0,SPY,246.7711,200
09:30:47.1,SPY,246.7754,1000
09:30:47.5,SPY,246.7788,6800
09:30:48.0,SPY,246.7711,1600
09:30:48.0,SPY,246.77,612
09:30:48.0,SPY,246.7711,500
09:30:48.0,SPY,246.77,200
09:30:48.1,MSFT,73.54,100
09:30:48.5,C,65.98,100
09:30:48.5,SPY,246.78,100
09:30:48.6,SPY,246.78,1000
09:30:48.6,SPY,246.78,100
09:30:48.6,SPY,246.78,100
09:30:48.6,SPY,246.78,200
09:30:48.6,SPY,246.78,200
09:30:48.6,SPY,246.78,1000
09:30:48.6,SPY,246.78,100
09:30:48.6,SPY,246.78,200
09:30:48.6,SPY,246.78,100
09:30:48.6,SPY,246.78,100
09:30:48.6,SPY,246.78,100
09:30:48.6,SPY,246.78,100
09:30:48.6,SPY,246.78,100
09:30:48.6,SPY,246.78,120
09:30:48.6,SPY,246.78,100
09:30:48.6,SPY,246.78,200
09:30:48.6,SPY,246.78,100
09:30:48.6,MSFT,73.5,1
09:30:48.7,MSFT,73.54,100
09:30:49.1,SPY,246.775,100
09:30:49.1,SPY,246.77,200
09:30:49.1,SPY,246.77,300
09:30:49.1,SPY,246.77,100
09:30:49.1,SPY,246.77,100
09:30:49.1,SPY,246.77,100
09:30:49.1,SPY,246.77,100
09:30:49.1,SPY,246.77,100
09:30:49.1,SPY,246.77,100
09:30:49.1,SPY,246.77,200
09:30:49.1,SPY,246.77,100
09:30:49.1,SPY,246.77,200
09:30:49.1,SPY,246.77,8
09:30:49.1,SPY,246.77,100
09:30:49.1,SPY,246.77,100
09:30:49.1,SPY,246.77,100
09:30:49.1,SPY,246.77,300
09:30:49.1,SPY,246.77,100
09:30:49.1,SPY,246.77,400
09:30:49.1,SPY,246.77,100
09:30:49.1,SPY,246.77,100
09:30:49.1,SPY,246.77,100
09:30:49.1,SPY,246.77,100
09:30:49.1,SPY,246.77,200
09:30:49.1,SPY,246.77,100
09:30:49.2,MSFT,73.54,100
09:30:49.4,MSFT,73.52,100
09:30:49.4,MSFT,73.53,100
09:30:49.4,MSFT,73.53,100
09:30:49.4,MSFT,73.53,100
09:30:49.4,MSFT,73.52,100
09:30:49.4,MSFT,73.53,200
09:30:49.4,MSFT,73.53,100
09:30:49.4,MSFT,73.52,100
09:30:49.4,MSFT,73.52,100
09:30:49.4,MSFT,73.52,200
09:30:49.4,MSFT,73.52,100
09:30:49.4,MSFT,73.52,100
09:30:49.4,MSFT,73.53,100
09:30:49.4,MSFT,73.52,100
09:30:49.4,MSFT,73.51,200
09:30:49.4,MSFT,73.51,100
09:30:49.4,MSFT,73.51,100
09:30:49.4,SPY,246.76,10
09:30:49.4,SPY,246.76,10
09:30:49.7,MSFT,73.52,100
09:30:49.7,MSFT,73.52,101
09:30:50.0,MSFT,73.519,500
09:30:50.3,MSFT,73.5122,900
09:30:50.4,SPY,246.75,100
09:30:50.4,SPY,246.76,200
09:30:50.8,SPY,246.75,100
09:30:50.8,C,65.98,100
09:30:51.4,SPY,246.76,60
09:30:51.5,C,65.98,100
09:30:51.5,C,65.98,200
09:30:51.5,C,65.98,185
09:30:51.7,SPY,246.75,500
09:30:51.9,C,65.98,15
09:30:52.2,MSFT,73.5,50
09:30:52.2,MSFT,73.5099,50
09:30:52.4,C,65.98,100
09:30:52.4,C,65.98,100
09:30:52.6,SPY,246.75,100
09:30:52.6,SPY,246.75,100
09:30:52.6,SPY,246.75,100
09:30:52.6,SPY,246.75,100
09:30:52.6,C,65.98,100
09:30:52.6,C,65.98,100
09:30:52.6,C,65.98,100
09:30:52.7,C,65.98,200
09:30:52.7,C,65.98,100
09:30:52.7,C,65.98,100
09:30:52.7,C,65.98,100
09:30:52.7,C,65.98,15
09:30:52.7,C,65.975,100
09:30:52.7,C,65.98,700
09:30:52.7,C,65.98,25
09:30:52.7,C,65.98,15
09:30:52.9,SPY,246.75,100
09:30:53.2,MSFT,73.51,100
09:30:53.3,SPY,246.75,100
09:30:53.7,SPY,246.75,400
09:30:53.7,SPY,246.75,200
09:30:53.7,MSFT,73.51,200
09:30:53.7,MSFT,73.51,215
09:30:53.7,MSFT,73.51,100
09:30:53.7,MSFT,73.51,100
09:30:53.8,MSFT,73.515,100
09:30:53.8,MSFT,73.505,100
09:30:53.8,MSFT,73.51,100
09:30:53.8,MSFT,73.51,300
09:30:53.8,MSFT,73.51,200
09:30:53.8,MSFT,73.51,400
09:30:54.2,SPY,246.7401,17
09:30:54.5,MSFT,73.519,200
09:30:54.5,MSFT,73.519,300
09:30:54.5,MSFT,73.519,300
09:30:54.6,MSFT,73.5151,100
09:30:54.6,MSFT,73.5181,400
09:30:54.6,MSFT,73.5181,100
09:30:54.6,MSFT,73.52,100
09:30:54.6,MSFT,73.5181,800
09:30:54.6,MSFT,73.52,100
09:30:54.6,MSFT,73.5181,100
09:30:54.6,MSFT,73.52,100
09:30:54.6,MSFT,73.52,200
09:30:54.6,MSFT,73.52,100
09:30:54.6,MSFT,73.52,100
09:30:54.6,MSFT,73.52,100
09:30:54.6,MSFT,73.5181,100
09:30:54.6,MSFT,73.52,2
09:30:54.6,MSFT,73.52,300
09:30:54.6,MSFT,73.5181,100
09:30:54.6,MSFT,73.52,100
09:30:54.6,MSFT,73.52,400
09:30:54.6,MSFT,73.52,100
09:30:54.6,MSFT,73.5181,100
09:30:54.6,MSFT,73.5181,100
09:30:54.6,MSFT,73.5181,100
09:30:54.6,MSFT,73.52,100
09:30:54.6,MSFT,73.5181,300
09:30:54.6,MSFT,73.52,800
09:30:54.6,MSFT,73.5181,100
09:30:54.6,MSFT,73.53,100
09:30:54.6,MSFT,73.5181,100
09:30:54.6,MSFT,73.53,100
09:30:54.6,MSFT,73.53,100
09:30:54.6,MSFT,73.53,100
09:30:54.6,MSFT,73.53,100
09:30:54.6,MSFT,73.53,100
09:30:54.6,MSFT,73.53,100
09:30:54.6,MSFT,73.53,100
09:30:54.6,MSFT,73.53,100
09:30:54.6,MSFT,73.53,100
09:30:54.6,MSFT,73.5181,200
09:30:54.6,MSFT,73.52,100
09:30:54.6,MSFT,73.52,100
09:30:54.6,MSFT,73.52,100
09:30:54.6,MSFT,73.52,100
09:30:54.6,MSFT,73.52,100
09:30:54.6,MSFT,73.52,100
09:30:54.6,MSFT,73.52,100
09:30:54.6,MSFT,73.52,100
09:30:54.6,MSFT,73.52,100
09:30:54.6,MSFT,73.54,100
09:30:54.6,MSFT,73.52,100
09:30:54.6,MSFT,73.5226,100
09:30:54.6,MSFT,73.54,100
09:30:54.6,MSFT,73.5326,15598
09:30:54.6,MSFT,73.53,100
09:30:54.6,MSFT,73.53,100
09:30:54.7,MSFT,73.52,100
09:30:54.8,SPY,246.75,600
09:30:55.0,SPY,246.7411,100
09:30:55.1,SPY,246.76,300
09:30:55.1,SPY,246.76,200
09:30:55.1,SPY,246.76,1000
09:30:55.1,SPY,246.76,100
09:30:55.1,SPY,246.76,500
09:30:55.2,MSFT,73.525,100
09:30:55.4,SPY,246.75,100
09:30:55.4,SPY,246.76,100
09:30:55.4,SPY,246.76,100
09:30:55.4,SPY,246.76,100
09:30:55.5,SPY,246.76,100
09:30:55.5,SPY,246.76,17
09:30:55.5,MSFT,73.53,43
09:30:55.5,MSFT,73.52,49
09:30:55.7,SPY,246.75,7
09:30:55.7,SPY,246.76,100
09:30:55.7,SPY,246.76,100
09:30:55.8,MSFT,73.54,300
09:30:55.8,MSFT,73.54,300
09:30:55.8,MSFT,73.54,400
09:30:55.9,MSFT,73.525,500
09:30:55.9,MSFT,73.525,100
09:30:55.9,MSFT,73.525,500
09:30:55.9,MSFT,73.52,51
09:30:55.9,MSFT,73.51,49
09:30:55.9,MSFT,73.51,100
09:30:55.9,MSFT,73.51,100
09:30:55.9,MSFT,73.51,200
09:30:55.9,MSFT,73.525,100
09:30:55.9,MSFT,73.525,200
09:30:55.9,MSFT,73.525,100
09:30:55.9,MSFT,73.525,100
09:30:55.9,MSFT,73.5,1
09:30:56.0,SPY,246.76,200
09:30:56.3,MSFT,73.51,300
09:30:56.3,MSFT,73.51,100
09:30:56.3,MSFT,73.51,200
09:30:56.3,MSFT,73.51,100
09:30:56.3,MSFT,73.5225,100
09:30:56.3,MSFT,73.51,100
09:30:56.3,MSFT,73.525,200
09:30:56.4,MSFT,73.515,100
09:30:56.4,MSFT,73.515,400
09:30:56.4,MSFT,73.52,121
09:30:56.5,C,65.98,40
09:30:56.7,MSFT,73.5155,1000
09:30:56.9,SPY,246.76,1483
09:30:56.9,SPY,246.75,100
09:30:56.9,SPY,246.75,100
09:30:56.9,SPY,246.75,540
09:30:56.9,SPY,246.75,6
09:30:56.9,SPY,246.75,100
09:30:56.9,SPY,246.75,5
09:30:57.2,SPY,246.7508,100
09:30:57.2,SPY,246.7508,100
09:30:57.2,SPY,246.7508,100
09:30:57.2,SPY,246.7508,100
09:30:57.3,MSFT,73.52,400
09:30:57.6,SPY,246.76,200
09:30:57.9,C,65.98,100
09:30:57.9,C,65.98,100
09:30:58.0,SPY,246.76,100
09:30:58.1,MSFT,73.54,22
09:30:58.6,MSFT,73.5,100
09:30:59.0,SPY,246.76,100
09:30:59.1,SPY,246.75,100
09:30:59.1,SPY,246.75,300
09:30:59.1,SPY,246.75,200
09:30:59.1,SPY,246.75,500
09:30:59.3,MSFT,73.55,100
09:30:59.3,MSFT,73.54,100
09:30:59.3,SPY,246.75,16
09:31:00.0,SPY,246.7528,100
09:31:00.0,MSFT,73.55,100
09:31:00.1,SPY,246.76,500
09:31:00.1,SPY,246.76,52
09:31:00.3,SPY,246.7568,100
09:31:00.4,C,65.97,100
09:31:00.4,C,65.97,100
09:31:00.4,C,65.97,800
09:31:00.4,C,65.97,1000
09:31:00.4,C,65.97,200
09:31:00.4,C,65.97,200
09:31:00.4,C,65.97,100
09:31:00.4,C,65.97,300
09:31:00.4,C,65.97,140
09:31:00.4,C,65.97,500
09:31:00.4,C,65.97,74
09:31:00.4,C,65.97,100
09:31:00.4,C,65.97,100
09:31:00.4,MSFT,73.5,1
09:31:00.8,MSFT,73.555,100
09:31:00.8,MSFT,73.555,100
09:31:00.8,MSFT,73.555,100
09:31:00.8,MSFT,73.555,100
09:31:00.8,MSFT,73.555,100
09:31:00.8,MSFT,73.54,400
09:31:00.8,MSFT,73.54,100
09:31:00.8,MSFT,73.54,100
09:31:00.8,MSFT,73.54,100
09:31:00.8,MSFT,73.54,100
09:31:00.8,MSFT,73.54,200
09:31:00.8,MSFT,73.555,100
09:31:00.8,MSFT,73.54,34
09:31:00.8,MSFT,73.555,100
09:31:00.8,MSFT,73.555,100
09:31:00.8,MSFT,73.54,700
09:31:00.8,MSFT,73.555,500
09:31:00.8,MSFT,73.54,100
09:31:00.8,MSFT,73.53,400
09:31:00.8,MSFT,73.53,100
09:31:00.8,MSFT,73.54,300
09:31:00.8,MSFT,73.54,100
09:31:00.8,MSFT,73.54,100
09:31:00.8,MSFT,73.53,700
09:31:00.8,MSFT,73.53,100
09:31:00.8,MSFT,73.53,100
09:31:00.8,MSFT,73.535,400
09:31:00.8,MSFT,73.535,100
09:31:00.8,MSFT,73.535,100
09:31:00.9,MSFT,73.54,600
09:31:00.9,SPY,246.7599,2777
09:31:00.9,MSFT,73.55,360
09:31:01.0,MSFT,73.555,100
09:31:01.2,SPY,246.75,500
09:31:01.2,SPY,246.75,400
09:31:01.2,SPY,246.75,100
09:31:01.2,SPY,246.75,400
09:31:01.3,MSFT,73.54,100
09:31:01.3,SPY,246.75,1000
09:31:01.7,MSFT,73.52,100
09:31:01.7,MSFT,73.52,100
09:31:01.8,MSFT,73.52,100
09:31:02.1,SPY,246.76,2
09:31:02.2,SPY,246.76,700
09:31:02.2,SPY,246.76,1815
09:31:02.2,SPY,246.76,200
09:31:02.2,SPY,246.76,100
09:31:02.2,SPY,246.76,100
09:31:02.3,SPY,246.75,2085
09:31:02.3,SPY,246.76,100
09:31:02.4,SPY,246.76,100
09:31:02.4,SPY,246.76,100
09:31:02.5,SPY,246.76,100
09:31:02.6,SPY,246.76,100
09:31:02.7,SPY,246.76,100
09:31:02.8,SPY,246.76,100
09:31:02.9,SPY,246.76,100
09:31:03.0,SPY,246.75,1000
09:31:03.0,SPY,246.76,100
09:31:03.0,SPY,246.76,200
09:31:03.0,SPY,246.76,1500
09:31:03.0,SPY,246.77,100
09:31:03.0,SPY,246.77,100
09:31:03.0,SPY,246.77,100
09:31:03.0,SPY,246.77,1585
09:31:03.0,SPY,246.77,100
09:31:03.0,SPY,246.76,1000
09:31:03.0,SPY,246.76,415
09:31:03.0,SPY,246.76,2000
09:31:03.0,SPY,246.76,200
09:31:03.0,SPY,246.76,200
09:31:03.0,SPY,246.76,1000
09:31:03.0,SPY,246.76,200
09:31:03.0,SPY,246.76,100
09:31:03.0,SPY,246.76,100
09:31:03.0,SPY,246.7625,100
09:31:03.0,SPY,246.77,44
09:31:03.4,SPY,246.755,100
09:31:04.1,SPY,246.75,400
09:31:04.1,SPY,246.75,400
09:31:04.1,MSFT,73.53,100
09:31:04.1,MSFT,73.54,100
09:31:04.1,MSFT,73.53,100
09:31:04.2,SPY,246.74,400
09:31:04.3,MSFT,73.547,200
09:31:04.4,SPY,246.74,600
09:31:04.8,SPY,246.75,100
09:31:04.8,SPY,246.75,1000
09:31:04.8,SPY,246.75,500
09:31:04.8,SPY,246.75,100
09:31:04.8,SPY,246.75,1000
09:31:04.8,SPY,246.75,200
09:31:04.8,SPY,246.75,1000
09:31:04.8,SPY,246.75,100
09:31:04.8,SPY,246.75,900
09:31:04.8,SPY,246.75,100
09:31:04.8,C,65.98,100
09:31:04.8,C,65.98,800
09:31:04.8,C,65.98,85
09:31:04.8,C,65.98,200
09:31:04.8,C,65.98,100
09:31:04.8,C,65.98,100
09:31:04.8,SPY,246.75,500
09:31:04.8,C,65.98,200
09:31:04.8,C,65.98,100
09:31:04.8,SPY,246.76,1000
09:31:05.0,SPY,246.75,139
09:31:05.0,SPY,246.76,20
09:31:05.2,C,65.9756,2000
09:31:05.2,MSFT,73.55,57
09:31:05.3,SPY,246.76,80
09:31:05.3,SPY,246.76,500
09:31:05.3,MSFT,73.5,1
09:31:05.3,SPY,246.76,100
09:31:05.4,SPY,246.7635,150
09:31:05.4,MSFT,73.5417,150
09:31:05.8,MSFT,73.545,100
09:31:06.2,C,65.98,100
09:31:06.2,C,65.98,100
09:31:06.2,C,65.98,100
09:31:06.2,C,65.98,100
09:31:06.2,C,65.98,100
09:31:06.2,C,65.98,100
09:31:06.2,C,65.98,74
09:31:06.2,C,65.98,326
09:31:06.2,C,65.98,100
09:31:06.2,C,65.98,200
09:31:06.2,C,65.98,100
09:31:06.2,C,65.98,200
09:31:06.2,C,65.98,100
09:31:06.3,C,65.97,85
09:31:06.4,SPY,246.7601,500
09:31:06.5,MSFT,73.56,23
09:31:07.1,SPY,246.77,100
09:31:07.1,SPY,246.77,1600
09:31:07.4,SPY,246.7656,300
09:31:07.9,MSFT,73.5,1
09:31:08.5,SPY,246.77,200
09:31:08.6,SPY,246.78,100
09:31:08.6,SPY,246.78,100
09:31:08.6,SPY,246.78,200
09:31:08.6,SPY,246.78,100
09:31:08.6,SPY,246.78,100
09:31:08.6,SPY,246.78,100
09:31:08.6,SPY,246.78,100
09:31:08.6,SPY,246.78,100
09:31:08.6,SPY,246.78,100
09:31:08.6,SPY,246.78,1000
09:31:08.6,SPY,246.78,100
09:31:08.6,SPY,246.78,700
09:31:08.7,C,65.98,100
09:31:08.7,C,65.98,400
09:31:08.7,C,65.98,100
09:31:08.8,C,65.98,100
09:31:08.8,C,65.98,100
09:31:08.8,C,65.98,100
09:31:09.2,SPY,246.78,100
09:31:09.2,SPY,246.78,100
09:31:09.6,MSFT,73.545,200
09:31:09.8,SPY,246.78,100
09:31:09.8,SPY,246.78,22
09:31:10.0,SPY,246.77,100
09:31:10.0,SPY,246.77,123
09:31:10.0,SPY,246.77,100
09:31:10.1,SPY,246.78,500
09:31:10.1,SPY,246.78,100
09:31:10.1,C,65.98,12
09:31:10.2,SPY,246.77,100
09:31:10.3,SPY,246.77,15
09:31:10.8,SPY,246.78,300
09:31:10.8,SPY,246.78,1000
09:31:10.8,SPY,246.78,200
09:31:10.8,SPY,246.78,978
09:31:10.8,SPY,246.78,100
09:31:10.8,SPY,246.78,100
09:31:10.8,SPY,246.78,122
09:31:10.8,SPY,246.78,200
09:31:10.8,SPY,246.78,200
09:31:10.8,SPY,246.78,200
09:31:10.8,SPY,246.78,78
09:31:10.8,C,65.98,100
09:31:10.8,C,65.9811,100
09:31:10.8,C,65.99,100
09:31:10.8,C,65.99,400
09:31:11.1,C,65.99,125
09:31:11.4,SPY,246.78,3
09:31:11.4,SPY,246.78,1
09:31:11.8,SPY,246.79,50
09:31:12.0,MSFT,73.56,68
09:31:12.1,SPY,246.78,100
09:31:12.1,SPY,246.78,522
09:31:12.1,SPY,246.78,100
09:31:12.3,MSFT,73.531,16
09:31:12.4,C,65.9854,100
09:31:12.5,SPY,246.78,100
09:31:12.5,SPY,246.78,400
09:31:12.5,C,65.98,51
09:31:12.7,MSFT,73.548,1000
09:31:12.7,MSFT,73.545,100
09:31:12.7,MSFT,73.545,100
09:31:12.7,SPY,246.78,68
09:31:12.8,C,65.985,500
09:31:12.8,MSFT,73.56,369
09:31:12.8,SPY,246.7701,1
09:31:13.4,C,65.9827,2000
09:31:13.4,SPY,246.78,32
09:31:13.4,SPY,246.78,100
09:31:13.4,SPY,246.78,100
09:31:13.4,SPY,246.78,100
09:31:13.4,SPY,246.78,100
09:31:13.4,SPY,246.78,100
09:31:13.7,SPY,246.772,1000
09:31:13.9,MSFT,73.545,100
09:31:14.4,MSFT,73.5438,500
09:31:14.4,MSFT,73.545,100
09:31:14.7,SPY,246.78,100
09:31:14.9,SPY,246.78,100
09:31:15.0,SPY,246.78,24
09:31:15.0,MSFT,73.545,100
09:31:15.4,SPY,246.78,11
09:31:15.4,MSFT,73.5,1
09:31:16.0,SPY,246.77,600
09:31:16.0,SPY,246.77,400
09:31:16.0,SPY,246.77,100
09:31:16.0,SPY,246.77,200
09:31:16.0,SPY,246.77,852
09:31:16.0,SPY,246.77,1400
09:31:16.0,SPY,246.77,400
09:31:16.0,SPY,246.77,100
09:31:16.0,MSFT,73.545,1
09:31:16.0,SPY,246.77,100
09:31:16.0,SPY,246.77,100
09:31:16.0,SPY,246.77,300
09:31:16.0,SPY,246.77,200
09:31:16.3,SPY,246.77,100
09:31:16.5,MSFT,73.559,8
09:31:16.6,SPY,246.77,100
09:31:16.6,SPY,246.77,100
09:31:16.6,SPY,246.77,100
09:31:16.6,SPY,246.77,60
09:31:16.6,SPY,246.77,100
09:31:17.1,MSFT,73.5499,68
09:31:17.1,MSFT,73.55,68
09:31:17.9,SPY,246.77,100
09:31:18.2,MSFT,73.54,100
09:31:18.4,C,65.99,100
09:31:18.5,SPY,246.77,53
09:31:18.6,SPY,246.76,100
09:31:18.7,SPY,246.76,27
09:31:18.7,SPY,246.76,100
09:31:18.7,SPY,246.76,100
09:31:18.7,SPY,246.7589,200
09:31:18.9,SPY,246.74,100
09:31:18.9,SPY,246.74,100
09:31:18.9,SPY,246.7411,300
09:31:18.9,SPY,246.74,200
09:31:18.9,SPY,246.74,57
09:31:18.9,SPY,246.74,500
09:31:19.0,MSFT,73.5301,4
09:31:19.1,C,65.98,5
09:31:19.6,MSFT,73.55,3
09:31:19.7,C,65.9899,200
09:31:19.8,SPY,246.75,100
09:31:19.8,SPY,246.75,100
09:31:19.8,SPY,246.75,64
09:31:19.9,MSFT,73.54,100
09:31:19.9,MSFT,73.54,100
09:31:19.9,MSFT,73.54,100
09:31:19.9,MSFT,73.53,40
09:31:19.9,MSFT,73.55,32
09:31:20.0,SPY,246.74,100
09:31:20.0,SPY,246.7411,100
09:31:20.0,SPY,246.75,24
09:31:20.2,SPY,246.75,12
09:31:20.2,SPY,246.75,100
09:31:20.2,SPY,246.75,10
09:31:20.3,MSFT,73.55,100
09:31:21.6,C,65.99,100
09:31:21.6,C,65.99,100
09:31:21.6,C,65.99,100
09:31:21.6,C,65.99,100
09:31:21.6,C,65.99,200
09:31:21.9,SPY,246.75,100
09:31:21.9,SPY,246.75,66
09:31:22.0,SPY,246.75,200
09:31:22.2,C,65.99,100
09:31:22.2,C,65.99,100
09:31:22.2,C,65.99,700
09:31:22.3,MSFT,73.54,400
09:31:22.4,MSFT,73.54,1300
09:31:22.4,MSFT,73.53,27
09:31:22.5,SPY,246.75,100
09:31:22.5,SPY,246.75,100
09:31:22.5,SPY,246.75,100
09:31:22.8,C,65.99,400
09:31:22.8,C,65.99,100
09:31:23.0,SPY,246.75,100
09:31:23.0,SPY,246.75,100
09:31:23.0,SPY,246.75,200
09:31:23.0,SPY,246.75,100
09:31:23.0,SPY,246.75,100
09:31:23.0,SPY,246.75,100
09:31:23.0,SPY,246.75,200
09:31:23.0,SPY,246.75,300
09:31:23.0,SPY,246.75,300
09:31:23.0,SPY,246.75,100
09:31:23.0,SPY,246.75,400
09:31:23.0,SPY,246.75,100
09:31:23.0,SPY,246.75,200
09:31:23.0,SPY,246.75,300
09:31:23.0,SPY,246.75,100
09:31:23.0,SPY,246.75,100
09:31:23.0,SPY,246.75,600
09:31:23.0,SPY,246.74,100
09:31:23.0,SPY,246.74,10
09:31:23.0,SPY,246.74,500
09:31:23.0,SPY,246.74,100
09:31:23.0,SPY,246.74,200
09:31:23.0,SPY,246.74,600
09:31:23.0,SPY,246.74,100
09:31:23.0,SPY,246.74,100
09:31:23.0,SPY,246.74,100
09:31:23.0,SPY,246.74,100
09:31:23.0,SPY,246.74,100
09:31:23.0,SPY,246.74,200
09:31:23.0,SPY,246.74,100
09:31:23.0,SPY,246.74,100
09:31:23.0,SPY,246.74,100
09:31:23.0,SPY,246.74,490
09:31:23.0,SPY,246.7499,300
09:31:23.0,SPY,246.7499,300
09:31:23.1,SPY,246.75,100
09:31:23.1,SPY,246.75,38
09:31:24.3,C,66,3500
09:31:24.4,MSFT,73.53,320
09:31:25.0,SPY,246.76,25
09:31:25.2,C,65.99,849
09:31:25.2,C,65.99,100
09:31:25.2,C,65.98,74
09:31:25.2,C,65.98,100
09:31:25.2,C,65.98,132
09:31:25.2,C,65.98,100
09:31:25.2,C,65.98,100
09:31:25.2,C,65.98,200
09:31:25.2,C,65.98,100
09:31:25.2,C,65.98,200
09:31:25.2,C,65.98,68
09:31:25.2,C,65.98,95
09:31:25.3,SPY,246.75,21
09:31:25.8,SPY,246.75,6
09:31:26.0,MSFT,73.53,100
09:31:26.0,MSFT,73.5335,100
09:31:26.4,MSFT,73.5417,25
09:31:26.4,MSFT,73.5392,200
09:31:26.4,MSFT,73.54,100
09:31:26.8,SPY,246.75,100
09:31:27.2,SPY,246.74,100
09:31:27.2,SPY,246.74,100
09:31:27.2,SPY,246.74,100
09:31:27.2,SPY,246.74,100
09:31:27.2,SPY,246.74,200
09:31:27.2,SPY,246.74,10
09:31:27.2,SPY,246.73,4
09:31:27.2,SPY,246.73,100
09:31:27.2,SPY,246.73,200
09:31:27.2,SPY,246.73,100
09:31:27.2,SPY,246.73,1
09:31:27.2,SPY,246.73,77
09:31:27.2,MSFT,73.54,100
09:31:27.2,C,65.98,100
09:31:27.2,C,65.98,400
09:31:27.2,C,65.98,100
09:31:27.2,C,65.98,100
09:31:27.5,C,65.98,100
09:31:27.7,MSFT,73.54,100
09:31:27.7,MSFT,73.53,100
09:31:27.7,MSFT,73.53,100
09:31:27.7,MSFT,73.53,1
09:31:27.7,MSFT,73.53,299
09:31:27.7,MSFT,73.54,400
09:31:27.7,MSFT,73.54,300
09:31:27.7,MSFT,73.54,100
09:31:27.7,MSFT,73.54,100
09:31:27.7,MSFT,73.54,100
09:31:27.7,MSFT,73.53,100
09:31:27.7,MSFT,73.54,100
09:31:27.7,MSFT,73.53,100
09:31:27.7,MSFT,73.53,200
09:31:27.7,MSFT,73.53,100
09:31:27.7,MSFT,73.53,100
09:31:27.7,MSFT,73.53,129
09:31:27.7,MSFT,73.53,100
09:31:27.7,MSFT,73.53,100
09:31:27.7,MSFT,73.53,400
09:31:27.7,MSFT,73.53,100
09:31:27.7,MSFT,73.53,301
09:31:27.7,MSFT,73.53,100
09:31:27.7,MSFT,73.53,200
09:31:27.7,MSFT,73.53,100
09:31:27.7,MSFT,73.53,1
09:31:27.7,MSFT,73.53,300
09:31:27.7,MSFT,73.53,200
09:31:27.7,MSFT,73.53,100
09:31:27.7,MSFT,73.53,100
09:31:27.7,MSFT,73.53,100
09:31:27.7,MSFT,73.53,200
09:31:27.7,MSFT,73.53,71
09:31:27.7,MSFT,73.53,100
09:31:27.7,MSFT,73.53,100
09:31:27.7,MSFT,73.53,100
09:31:27.7,MSFT,73.53,100
09:31:27.7,MSFT,73.53,100
09:31:27.7,MSFT,73.53,500
09:31:27.7,MSFT,73.53,100
09:31:27.7,MSFT,73.53,100
09:31:27.7,MSFT,73.53,100
09:31:27.7,MSFT,73.53,100
09:31:27.7,MSFT,73.53,100
09:31:27.7,MSFT,73.53,100
09:31:27.7,MSFT,73.53,100
09:31:27.7,MSFT,73.53,29
09:31:27.7,MSFT,73.535,100
09:31:27.7,MSFT,73.535,100
09:31:27.7,MSFT,73.535,100
09:31:27.7,MSFT,73.535,100
09:31:27.7,MSFT,73.535,100
09:31:27.7,MSFT,73.535,100
09:31:27.7,MSFT,73.54,100
09:31:27.7,MSFT,73.54,300
09:31:27.7,MSFT,73.53,71
09:31:28.0,MSFT,73.53,100
09:31:28.2,MSFT,73.53,100
09:31:28.3,MSFT,73.53,100
09:31:28.3,MSFT,73.53,100
09:31:28.3,MSFT,73.52,100
09:31:28.5,SPY,246.73,100
09:31:28.6,MSFT,73.52,100
09:31:28.6,MSFT,73.52,100
09:31:28.6,MSFT,73.52,100
09:31:28.6,MSFT,73.52,100
09:31:29.0,MSFT,73.515,100
09:31:29.0,SPY,246.74,100
09:31:29.0,SPY,246.74,100
09:31:29.1,SPY,246.74,100
09:31:29.1,SPY,246.74,300
09:31:29.1,SPY,246.74,100
09:31:29.1,SPY,246.74,100
09:31:29.1,SPY,246.74,62
09:31:29.1,SPY,246.74,500
09:31:29.1,SPY,246.74,100
09:31:29.2,SPY,246.74,100
09:31:29.4,SPY,246.74,300
09:31:29.4,SPY,246.74,9
09:31:29.7,SPY,246.74,100
09:31:29.8,SPY,246.74,100
09:31:29.8,SPY,246.74,100
09:31:29.8,SPY,246.74,200
09:31:29.9,MSFT,73.52,100
09:31:30.0,MSFT,73.52,100
09:31:30.0,SPY,246.74,23
09:31:30.4,MSFT,73.515,100
09:31:30.4,SPY,246.74,1000
09:31:30.4,MSFT,73.51,100
09:31:30.4,SPY,246.74,200
09:31:30.4,MSFT,73.51,100
09:31:30.5,SPY,246.74,300
09:31:30.6,MSFT,73.5139,500
09:31:30.7,MSFT,73.51,1000
09:31:30.7,MSFT,73.51,4000
09:31:30.7,MSFT,73.51,27
09:31:30.7,MSFT,73.51,100
09:31:30.7,MSFT,73.51,100
09:31:30.7,MSFT,73.51,100
09:31:30.7,MSFT,73.51,400
09:31:30.7,MSFT,73.51,400
09:31:30.7,MSFT,73.51,100
09:31:30.7,MSFT,73.51,100
09:31:30.7,MSFT,73.51,200
09:31:30.7,MSFT,73.505,200
09:31:30.7,MSFT,73.505,200
09:31:30.7,MSFT,73.51,100
09:31:30.8,MSFT,73.51,48
09:31:30.9,SPY,246.74,3
09:31:31.0,SPY,246.74,77
09:31:31.0,SPY,246.74,100
09:31:31.0,SPY,246.74,423
09:31:31.0,SPY,246.73,100
09:31:31.0,MSFT,73.5001,1
09:31:31.2,MSFT,73.5,100
09:31:31.3,MSFT,73.51,200
09:31:31.3,MSFT,73.51,300
09:31:31.3,MSFT,73.51,100
09:31:31.3,MSFT,73.51,152
09:31:31.3,MSFT,73.51,100
09:31:31.8,MSFT,73.5,300
09:31:31.8,MSFT,73.5,300
09:31:31.8,MSFT,73.5,300
09:31:31.8,MSFT,73.5,300
09:31:31.8,MSFT,73.5,500
09:31:31.8,MSFT,73.5,300
09:31:31.8,MSFT,73.505,100
09:31:31.8,MSFT,73.505,100
09:31:31.8,MSFT,73.5,100
09:31:31.8,C,66,51
09:31:31.8,C,66,20
09:31:31.8,C,66,100
09:31:31.8,C,66,100
09:31:31.8,C,66,200
09:31:31.8,C,66,600
09:31:31.8,C,66,29
09:31:31.8,C,66,300
09:31:31.8,C,66,38
09:31:31.9,C,66,62
09:31:32.2,C,66,100
09:31:32.3,C,66,26
09:31:32.3,C,66,14
09:31:32.6,MSFT,73.5,100
09:31:32.6,MSFT,73.5,100
09:31:32.7,MSFT,73.5,100
09:31:32.7,MSFT,73.5,100
09:31:32.7,MSFT,73.5,100
09:31:32.7,MSFT,73.5,100
09:31:32.8,MSFT,73.5,100
09:31:32.8,MSFT,73.5,10
09:31:32.8,MSFT,73.5,90
09:31:33.0,MSFT,73.5,100
09:31:33.0,C,66,4
09:31:33.0,C,66,796
09:31:33.0,C,66,96
09:31:33.0,C,66,4
09:31:33.3,C,66,100
09:31:33.3,C,66,100
09:31:33.3,C,66,100
09:31:33.4,SPY,246.74,100
09:31:33.4,SPY,246.74,100
09:31:33.4,SPY,246.74,200
09:31:33.4,SPY,246.74,1200
09:31:34.6,MSFT,73.505,100
09:31:34.7,MSFT,73.505,680
09:31:35.3,MSFT,73.51,23
09:31:35.9,SPY,246.74,100
09:31:35.9,SPY,246.74,200
09:31:35.9,SPY,246.74,5
09:31:35.9,SPY,246.74,5
09:31:35.9,SPY,246.73,100
09:31:35.9,SPY,246.73,100
09:31:36.0,SPY,246.73,100
09:31:36.0,SPY,246.73,1
09:31:36.0,SPY,246.73,500
09:31:36.2,MSFT,73.5,100
09:31:36.2,MSFT,73.5,10
09:31:36.2,MSFT,73.5,100
09:31:36.2,MSFT,73.5,90
09:31:36.2,MSFT,73.505,100
09:31:36.2,MSFT,73.5,1
09:31:36.2,MSFT,73.5,99
09:31:36.2,MSFT,73.5,100
09:31:36.2,MSFT,73.5,100
09:31:36.2,MSFT,73.5,82
09:31:36.2,MSFT,73.5,18
09:31:36.2,MSFT,73.5,82
09:31:36.2,MSFT,73.5,100
09:31:36.2,MSFT,73.5,18
09:31:37.1,MSFT,73.51,100
09:31:37.6,MSFT,73.5,1
09:31:37.6,MSFT,73.5,200
09:31:37.6,MSFT,73.5,100
09:31:37.6,MSFT,73.5,74
09:31:37.6,MSFT,73.5,25
09:31:37.6,MSFT,73.5,75
09:31:37.6,MSFT,73.5,100
09:31:37.6,MSFT,73.5,50
09:31:37.6,MSFT,73.5,75
09:31:37.6,MSFT,73.5,75
09:31:37.6,MSFT,73.5,25
09:31:37.6,MSFT,73.5,100
09:31:37.6,MSFT,73.5,100
09:31:37.6,MSFT,73.5,100
09:31:37.6,MSFT,73.5,100
09:31:37.6,MSFT,73.5,200
09:31:37.6,MSFT,73.5,10
09:31:37.6,MSFT,73.5,131
09:31:37.6,MSFT,73.5,200
09:31:37.6,MSFT,73.5,669
09:31:37.6,MSFT,73.5,100
09:31:37.6,MSFT,73.5,100
09:31:37.6,MSFT,73.5,31
09:31:37.6,MSFT,73.5,100
09:31:37.6,MSFT,73.5,200
09:31:37.6,MSFT,73.5,100
09:31:37.6,MSFT,73.5,82
09:31:37.6,MSFT,73.5,100
09:31:37.6,MSFT,73.5,18
09:31:37.6,MSFT,73.5,100
09:31:37.6,MSFT,73.5,100
09:31:37.6,MSFT,73.5,100
09:31:37.6,MSFT,73.5,100
09:31:37.6,MSFT,73.5,121
09:31:37.6,MSFT,73.5,79
09:31:37.6,MSFT,73.5,21
09:31:37.6,MSFT,73.5,82
09:31:37.6,MSFT,73.5,63
09:31:37.6,MSFT,73.5,74
09:31:37.6,MSFT,73.5,69
09:31:37.6,MSFT,73.5,100
09:31:37.6,MSFT,73.5,100
09:31:37.6,MSFT,73.5,100
09:31:37.6,MSFT,73.5,82
09:31:37.6,MSFT,73.5,100
09:31:37.6,MSFT,73.5,100
09:31:37.6,MSFT,73.5,100
09:31:37.6,MSFT,73.5,20
09:31:37.6,MSFT,73.5,100
09:31:37.6,MSFT,73.5,100
09:31:37.6,MSFT,73.5,63
09:31:37.6,MSFT,73.5,200
09:31:37.6,MSFT,73.5,98
09:31:37.6,MSFT,73.5,200
09:31:37.6,MSFT,73.5,100
09:31:37.6,MSFT,73.5,100
09:31:37.6,MSFT,73.5,200
09:31:37.6,MSFT,73.5,100
09:31:37.6,MSFT,73.5,200
09:31:37.6,MSFT,73.5,400
09:31:37.6,MSFT,73.5,100
09:31:37.6,MSFT,73.5,100
09:31:37.6,MSFT,73.5,200
09:31:37.6,MSFT,73.5,100
09:31:37.6,MSFT,73.5,300
09:31:37.6,MSFT,73.5,200
09:31:37.6,MSFT,73.49,36
09:31:37.6,MSFT,73.5,200
09:31:37.6,MSFT,73.5,300
09:31:37.6,MSFT,73.5,100
09:31:37.6,MSFT,73.5,100
09:31:37.6,MSFT,73.5,200
09:31:37.6,MSFT,73.5,100
09:31:37.6,MSFT,73.5,100
09:31:37.6,MSFT,73.5,100
09:31:37.6,SPY,246.73,100
09:31:37.6,SPY,246.73,20
09:31:37.6,SPY,246.73,100
09:31:37.6,SPY,246.73,200
09:31:37.6,MSFT,73.5,100
09:31:37.6,MSFT,73.5,100
09:31:37.6,MSFT,73.5,142
09:31:37.6,MSFT,73.5,58
09:31:37.6,MSFT,73.5,42
09:31:37.6,MSFT,73.5,100
09:31:37.6,MSFT,73.5,58
09:31:37.6,MSFT,73.5,200
09:31:37.6,MSFT,73.5,100
09:31:37.6,MSFT,73.5,100
09:31:37.6,MSFT,73.5,100
09:31:37.6,MSFT,73.5,100
09:31:37.9,MSFT,73.5,100
09:31:38.0,MSFT,73.5,300
09:31:38.0,MSFT,73.5,100
09:31:38.0,MSFT,73.5,100
09:31:38.2,MSFT,73.51,100
09:31:38.2,MSFT,73.5,100
09:31:38.2,MSFT,73.5,21
09:31:38.3,MSFT,73.5,200
09:31:38.3,SPY,246.72,500
09:31:38.3,SPY,246.72,100
09:31:38.3,SPY,246.72,10
09:31:38.3,SPY,246.72,100
09:31:38.3,SPY,246.72,1300
09:31:38.3,SPY,246.72,200
09:31:38.3,SPY,246.72,1300
09:31:38.3,SPY,246.72,100
09:31:38.3,SPY,246.72,100
09:31:38.3,SPY,246.72,100
09:31:38.3,SPY,246.71,100
09:31:38.3,SPY,246.72,100
09:31:38.3,SPY,246.72,100
09:31:38.3,SPY,246.72,1500
09:31:38.3,SPY,246.72,300
09:31:38.3,SPY,246.72,100
09:31:38.3,SPY,246.72,100
09:31:38.3,SPY,246.72,1600
09:31:38.3,SPY,246.72,1400
09:31:38.3,SPY,246.72,1500
09:31:38.3,SPY,246.72,100
09:31:38.3,SPY,246.72,1500
09:31:38.3,SPY,246.72,200
09:31:38.3,SPY,246.72,1200
09:31:38.3,SPY,246.72,1000
09:31:38.3,MSFT,73.5,54
09:31:38.3,SPY,246.72,1000
09:31:38.3,SPY,246.72,400
09:31:38.3,SPY,246.72,100
09:31:38.3,SPY,246.71,2500
09:31:38.3,SPY,246.71,8000
09:31:38.3,SPY,246.71,2500
09:31:38.3,SPY,246.71,100
09:31:38.3,SPY,246.72,1000
09:31:38.3,SPY,246.71,100
09:31:38.3,SPY,246.71,100
09:31:38.3,SPY,246.71,100
09:31:38.3,SPY,246.72,1000
09:31:38.3,SPY,246.72,100
09:31:38.3,SPY,246.71,200
09:31:38.3,SPY,246.72,200
09:31:38.3,SPY,246.71,500
09:31:38.3,SPY,246.71,100
09:31:38.3,SPY,246.72,100
09:31:38.3,SPY,246.72,1000
09:31:38.3,SPY,246.72,900
09:31:38.3,SPY,246.72,100
09:31:38.3,SPY,246.72,200
09:31:38.3,SPY,246.72,200
09:31:38.3,SPY,246.72,100
09:31:38.3,SPY,246.72,100
09:31:38.3,SPY,246.72,1000
09:31:38.3,SPY,246.71,1000
09:31:38.3,SPY,246.71,5000
09:31:38.3,SPY,246.71,1000
09:31:38.3,SPY,246.71,10
09:31:38.3,SPY,246.71,3350
09:31:38.3,SPY,246.72,300
09:31:38.3,MSFT,73.5,100
09:31:38.3,SPY,246.71,500
09:31:38.3,SPY,246.71,100
09:31:38.3,SPY,246.71,400
09:31:38.3,SPY,246.71,100
09:31:38.3,SPY,246.71,500
09:31:38.3,SPY,246.71,100
09:31:38.3,SPY,246.71,283
09:31:38.3,SPY,246.71,278
09:31:38.3,SPY,246.71,35
09:31:38.3,SPY,246.71,26
09:31:38.3,SPY,246.71,25
09:31:38.3,SPY,246.71,100
09:31:38.3,SPY,246.71,78
09:31:38.3,SPY,246.71,22
09:31:38.3,SPY,246.71,78
09:31:38.3,SPY,246.71,200
09:31:38.3,SPY,246.71,200
09:31:38.3,SPY,246.71,200
09:31:38.3,SPY,246.71,100
09:31:38.3,SPY,246.71,1000
09:31:38.3,SPY,246.71,100
09:31:38.3,SPY,246.71,600
09:31:38.3,SPY,246.71,100
09:31:38.3,SPY,246.71,100
09:31:38.3,SPY,246.71,100
09:31:38.3,SPY,246.71,400
09:31:38.3,SPY,246.71,300
09:31:38.3,SPY,246.71,400
09:31:38.3,SPY,246.71,100
09:31:38.3,SPY,246.71,150
09:31:38.3,SPY,246.72,25
09:31:38.3,SPY,246.71,100
09:31:38.3,SPY,246.71,200
09:31:38.3,C,66,5000
09:31:38.3,C,66,100
09:31:38.3,C,66,100
09:31:38.3,C,66,274
09:31:38.3,C,66,100
09:31:38.3,C,66,100
09:31:38.3,C,66,40
09:31:38.3,C,66,100
09:31:38.3,C,66,100
09:31:38.3,C,66,100
09:31:38.3,C,66,100
09:31:38.3,C,66,10965
09:31:38.3,C,66,100
09:31:38.3,C,66,100
09:31:38.3,C,66,100
09:31:38.3,C,66,50
09:31:38.3,C,66,22
09:31:38.3,C,66,100
09:31:38.3,C,66,500
09:31:38.3,C,66,700
09:31:38.3,C,66,100
09:31:38.3,C,66,300
09:31:38.3,C,66,100
09:31:38.3,C,66,100
09:31:38.3,C,66,100
09:31:38.3,C,66,100
09:31:38.3,C,66,247
09:31:38.3,C,66,100
09:31:38.3,C,66,153
09:31:38.3,C,66,100
09:31:38.3,C,66,86
09:31:38.3,C,66,100
09:31:38.3,C,66,14
09:31:38.3,C,66,269
09:31:38.3,C,66,100
09:31:38.3,C,66,34
09:31:38.3,C,66,131
09:31:38.3,C,66,66
09:31:38.3,C,66,100
09:31:38.3,C,66,34
09:31:38.3,C,66,100
09:31:38.3,C,66,52
09:31:38.3,C,66,400
09:31:38.3,C,66.01,100
09:31:38.3,C,66.01,117
09:31:38.3,C,66.01,85
09:31:38.3,SPY,246.71,200
09:31:38.3,SPY,246.7,4
09:31:38.3,SPY,246.7,1
09:31:38.3,SPY,246.7,200
09:31:38.3,SPY,246.7,700
09:31:38.3,C,66,100
09:31:38.3,C,66.01,400
09:31:38.3,SPY,246.7,100
09:31:38.3,SPY,246.7,44
09:31:38.3,SPY,246.7,1
09:31:38.3,SPY,246.7,100
09:31:38.3,SPY,246.7,500
09:31:38.3,SPY,246.7,200
09:31:38.3,SPY,246.7,190
09:31:38.3,SPY,246.7,95
09:31:38.3,C,66.01,100
09:31:38.3,SPY,246.7,100
09:31:38.3,SPY,246.7,900
09:31:38.3,SPY,246.7,100
09:31:38.3,SPY,246.7,388
09:31:38.3,SPY,246.7,100
09:31:38.3,SPY,246.69,100
09:31:38.3,SPY,246.69,100
09:31:38.3,SPY,246.69,100
09:31:38.3,SPY,246.69,200
09:31:38.3,SPY,246.69,400
09:31:38.3,SPY,246.69,100
09:31:38.3,SPY,246.69,1000
09:31:38.3,SPY,246.69,300
09:31:38.3,SPY,246.69,1000
09:31:38.3,SPY,246.69,100
09:31:38.3,SPY,246.69,1000
09:31:38.3,SPY,246.69,100
09:31:38.3,SPY,246.69,1000
09:31:38.3,SPY,246.69,100
09:31:38.3,SPY,246.69,300
09:31:38.3,SPY,246.7,5
09:31:38.3,SPY,246.69,100
09:31:38.3,SPY,246.69,100
09:31:38.3,SPY,246.69,500
09:31:38.3,SPY,246.7,100
09:31:38.3,SPY,246.69,1000
09:31:38.3,SPY,246.69,200
09:31:38.3,SPY,246.69,100
09:31:38.3,SPY,246.7,100
09:31:38.3,SPY,246.69,100
09:31:38.3,SPY,246.69,200
09:31:38.3,SPY,246.69,500
09:31:38.3,SPY,246.69,100
09:31:38.3,SPY,246.69,1000
09:31:38.3,SPY,246.69,100
09:31:38.3,SPY,246.69,1000
09:31:38.3,SPY,246.69,200
09:31:38.3,SPY,246.69,100
09:31:38.3,SPY,246.69,100
09:31:38.3,SPY,246.69,1000
09:31:38.3,SPY,246.69,95
09:31:38.3,SPY,246.69,300
09:31:38.3,SPY,246.69,1000
09:31:38.3,SPY,246.69,100
09:31:38.3,SPY,246.7,100
09:31:38.3,SPY,246.7,100
09:31:38.3,SPY,246.7,200
09:31:38.3,SPY,246.7,22
09:31:38.3,SPY,246.69,100
09:31:38.4,SPY,246.69,45
09:31:38.5,C,66.01,100
09:31:38.6,SPY,246.71,100
09:31:38.6,SPY,246.71,200
09:31:38.7,C,66.01,46
09:31:38.7,SPY,246.7,100
09:31:38.8,C,66.02,200
09:31:38.8,C,66.02,100
09:31:39.0,SPY,246.7,112
09:31:39.0,SPY,246.7,288
09:31:39.0,C,66.02,16
09:31:39.0,SPY,246.7,378
09:31:39.0,SPY,246.7,200
09:31:39.0,SPY,246.7,100
09:31:39.0,SPY,246.7,112
09:31:39.0,SPY,246.7,100
09:31:39.0,SPY,246.7,200
09:31:39.0,SPY,246.7,400
09:31:39.0,SPY,246.7,88
09:31:39.0,SPY,246.7,210
09:31:39.0,SPY,246.7,200
09:31:39.0,SPY,246.7,100
09:31:39.0,SPY,246.7,90
09:31:39.2,MSFT,73.5,2
09:31:39.2,C,66.01,54
09:31:39.2,MSFT,73.49,100
09:31:39.3,SPY,246.71,600
09:31:39.7,MSFT,73.5,1000
09:31:40.1,SPY,246.7,10
09:31:40.1,SPY,246.7,7
09:31:40.1,C,66.02,683
09:31:40.1,MSFT,73.49,89
09:31:40.1,MSFT,73.49,100
09:31:40.1,MSFT,73.49,100
09:31:40.1,SPY,246.69,200
09:31:40.1,SPY,246.69,170
09:31:40.1,SPY,246.69,30
09:31:40.1,SPY,246.69,10
09:31:40.1,SPY,246.69,91
09:31:40.1,C,66.02,415
09:31:40.1,C,66.02,100
09:31:40.1,C,66.02,100
09:31:40.1,C,66.02,117
09:31:40.1,MSFT,73.49,70
09:31:40.1,SPY,246.69,105
09:31:40.1,SPY,246.69,100
09:31:40.1,SPY,246.69,100
09:31:40.1,SPY,246.69,21
09:31:40.1,SPY,246.69,200
09:31:40.1,SPY,246.69,200
09:31:40.1,SPY,246.69,10
09:31:40.1,SPY,246.69,200
09:31:40.1,SPY,246.69,58
09:31:40.1,MSFT,73.49,741
09:31:40.1,MSFT,73.49,100
09:31:40.1,MSFT,73.49,100
09:31:40.1,MSFT,73.49,100
09:31:40.1,MSFT,73.49,200
09:31:40.1,MSFT,73.49,100
09:31:40.1,MSFT,73.49,100
09:31:40.1,SPY,246.69,9
09:31:40.1,MSFT,73.49,35
09:31:40.1,MSFT,73.49,200
09:31:40.1,MSFT,73.49,200
09:31:40.1,MSFT,73.49,100
09:31:40.3,SPY,246.69,100
09:31:40.3,SPY,246.69,200
09:31:40.3,SPY,246.69,557
09:31:40.3,SPY,246.69,100
09:31:40.3,SPY,246.69,2750
09:31:40.3,SPY,246.69,12
09:31:40.3,SPY,246.69,67
09:31:40.5,SPY,246.7,100
09:31:40.5,SPY,246.7,100
09:31:40.6,SPY,246.7,100
09:31:40.6,C,66.03,100
09:31:40.6,C,66.03,300
09:31:40.7,MSFT,73.4946,200
09:31:41.0,SPY,246.7,100
09:31:41.1,MSFT,73.4952,400
09:31:41.1,MSFT,73.495,100
09:31:41.1,MSFT,73.498,100
09:31:41.2,SPY,246.71,324
09:31:41.2,MSFT,73.495,100
09:31:41.3,SPY,246.71,165
09:31:41.6,MSFT,73.495,100
09:31:41.6,MSFT,73.495,100
09:31:41.6,MSFT,73.495,400
09:31:41.6,MSFT,73.495,300
09:31:41.6,MSFT,73.5,100
09:31:41.6,MSFT,73.5,100
09:31:41.6,MSFT,73.5,100
09:31:41.6,MSFT,73.5,100
09:31:41.6,MSFT,73.5,100
09:31:41.6,MSFT,73.5,100
09:31:41.6,MSFT,73.5,100
09:31:41.6,MSFT,73.5,500
09:31:41.6,MSFT,73.5,200
09:31:41.6,MSFT,73.5,100
09:31:41.6,MSFT,73.5,100
09:31:42.1,MSFT,73.49,70
09:31:42.1,MSFT,73.49,30
09:31:42.1,MSFT,73.49,5
09:31:42.1,MSFT,73.49,100
09:31:42.1,MSFT,73.49,95
09:31:42.1,MSFT,73.49,100
09:31:42.2,MSFT,73.48,70
09:31:42.2,MSFT,73.48,30
09:31:42.2,MSFT,73.48,5
09:31:42.2,MSFT,73.48,35
09:31:42.2,MSFT,73.48,35
09:31:42.2,MSFT,73.48,25
09:31:42.2,MSFT,73.48,10
09:31:42.2,MSFT,73.48,35
09:31:42.4,SPY,246.71,174
09:31:42.4,MSFT,73.4992,100
09:31:42.9,MSFT,73.49,8
09:31:42.9,MSFT,73.49,92
09:31:42.9,MSFT,73.49,100
09:31:42.9,MSFT,73.49,100
09:31:42.9,MSFT,73.5,300
09:31:42.9,MSFT,73.5,100
09:31:43.0,SPY,246.69,100
09:31:43.0,SPY,246.69,100
09:31:43.0,SPY,246.69,200
09:31:43.0,SPY,246.69,200
09:31:43.0,SPY,246.69,100
09:31:43.0,SPY,246.69,600
09:31:43.0,MSFT,73.5,99
09:31:43.0,MSFT,73.5,1
09:31:43.1,MSFT,73.5,100
09:31:43.1,MSFT,73.5,100
09:31:43.2,SPY,246.7,100
09:31:43.2,SPY,246.7,300
09:31:43.2,SPY,246.7,100
09:31:43.4,SPY,246.69,100
09:31:43.7,SPY,246.7,200
09:31:44.1,MSFT,73.495,1
09:31:44.2,MSFT,73.5,100
09:31:44.3,MSFT,73.499,28
09:31:44.4,SPY,246.7,200
09:31:44.4,SPY,246.7,100
09:31:44.4,SPY,246.7,200
09:31:44.4,SPY,246.7,100
09:31:44.6,SPY,246.69,300
09:31:44.6,SPY,246.69,100
09:31:44.6,SPY,246.69,200
09:31:44.9,MSFT,73.4961,225
09:31:45.5,SPY,246.69,40
09:31:45.5,C,66.03,100
09:31:45.5,C,66.03,100
09:31:45.5,C,66.03,100
09:31:45.5,C,66.03,100
09:31:45.5,C,66.03,17
09:31:45.5,C,66.03,83
09:31:45.5,C,66.03,100
09:31:45.5,C,66.03,52
09:31:45.5,C,66.03,100
09:31:45.5,C,66.03,100
09:31:45.5,C,66.025,100
09:31:46.0,MSFT,73.49,100
09:31:46.0,SPY,246.69,100
09:31:46.1,SPY,246.7,200
09:31:46.1,SPY,246.7,100
09:31:46.3,MSFT,73.491,600
09:31:46.6,SPY,246.7055,1767
09:31:47.0,MSFT,73.5,100
09:31:47.0,MSFT,73.5,75
09:31:47.0,MSFT,73.5,75
09:31:47.0,MSFT,73.5,25
09:31:47.0,MSFT,73.5,100
09:31:47.1,SPY,246.71,51
09:31:47.1,SPY,246.71,20
09:31:47.1,SPY,246.71,100
09:31:47.1,SPY,246.71,100
09:31:47.1,SPY,246.71,200
09:31:47.1,SPY,246.71,126
09:31:47.1,SPY,246.71,74
09:31:47.1,SPY,246.71,26
09:31:47.1,SPY,246.71,1374
09:31:47.1,SPY,246.72,100
09:31:47.1,SPY,246.72,100
09:31:47.1,SPY,246.72,100
09:31:47.1,SPY,246.72,100
09:31:47.1,SPY,246.72,100
09:31:47.1,SPY,246.72,100
09:31:47.1,SPY,246.72,100
09:31:47.1,MSFT,73.491,18
09:31:47.7,SPY,246.7101,1848
09:31:47.8,MSFT,73.5,100
09:31:48.2,SPY,246.73,35
09:31:48.4,SPY,246.72,99
09:31:49.0,SPY,246.7299,5
09:31:49.1,SPY,246.73,143
09:31:49.1,SPY,246.7273,4870
09:31:49.2,C,66.03,1
09:31:49.6,MSFT,73.5,75
09:31:49.6,MSFT,73.51,100
09:31:49.6,MSFT,73.51,100
09:31:49.6,MSFT,73.51,1200
09:31:49.6,MSFT,73.51,300
09:31:49.6,MSFT,73.51,100
09:31:49.6,MSFT,73.51,100
09:31:49.6,MSFT,73.505,200
09:31:49.7,SPY,246.73,200
09:31:49.7,SPY,246.73,200
09:31:49.7,SPY,246.73,100
09:31:49.7,SPY,246.73,400
09:31:49.7,SPY,246.73,64
09:31:49.8,MSFT,73.52,100
09:31:49.8,MSFT,73.52,100
09:31:49.8,MSFT,73.52,100
09:31:49.8,MSFT,73.52,100
09:31:49.8,MSFT,73.52,100
09:31:49.8,MSFT,73.52,100
09:31:49.8,MSFT,73.52,100
09:31:49.8,MSFT,73.515,200
09:31:50.1,SPY,246.73,30
09:31:50.1,MSFT,73.52,100
09:31:50.1,SPY,246.74,140
09:31:50.4,MSFT,73.5201,60
09:31:50.6,SPY,246.74,100
09:31:50.6,SPY,246.74,300
09:31:50.6,SPY,246.74,600
09:31:50.6,SPY,246.74,200
09:31:50.6,SPY,246.74,49
09:31:50.6,SPY,246.74,51
09:31:51.0,SPY,246.74,49
09:31:51.0,SPY,246.74,51
09:31:51.2,MSFT,73.53,39
09:31:51.4,SPY,246.747,125
09:31:51.7,C,66.04,100
09:31:51.8,C,66.04,200
09:31:51.8,SPY,246.75,100
09:31:51.8,SPY,246.75,100
09:31:52.0,SPY,246.74,100
09:31:52.0,SPY,246.74,200
09:31:52.0,SPY,246.74,200
09:31:52.0,SPY,246.74,100
09:31:52.0,SPY,246.74,300
09:31:52.0,SPY,246.74,200
09:31:52.0,SPY,246.74,3
09:31:52.0,SPY,246.74,200
09:31:52.0,SPY,246.74,200
09:31:52.0,SPY,246.74,100
09:31:52.0,SPY,246.74,100
09:31:52.0,SPY,246.74,100
09:31:52.0,SPY,246.74,100
09:31:52.0,SPY,246.74,100
09:31:52.0,SPY,246.74,500
09:31:53.1,MSFT,73.5251,70
09:31:54.5,C,66.05,100
09:31:54.8,SPY,246.75,60
09:31:55.1,SPY,246.75,1108
09:31:55.1,SPY,246.75,732
09:31:55.1,SPY,246.75,100
09:31:55.1,SPY,246.75,100
09:31:55.1,SPY,246.75,100
09:31:55.1,SPY,246.75,100
09:31:55.1,SPY,246.75,283
09:31:55.1,SPY,246.75,217
09:31:55.1,SPY,246.75,6
09:31:55.3,MSFT,73.524,1000
09:31:55.6,MSFT,73.525,100
09:31:55.6,MSFT,73.52,100
09:31:55.6,MSFT,73.52,100
09:31:55.6,MSFT,73.52,100
09:31:55.6,MSFT,73.52,1
09:31:55.6,MSFT,73.52,99
09:31:56.0,SPY,246.75,100
09:31:56.5,MSFT,73.5201,13
09:31:56.7,MSFT,73.521,5
09:31:56.7,C,66.0401,135
09:31:57.1,MSFT,73.52,250
09:31:57.3,MSFT,73.521,2
09:31:57.5,MSFT,73.525,100
09:31:57.5,MSFT,73.52,100
09:31:57.5,MSFT,73.52,100
09:31:57.5,MSFT,73.52,1
09:31:57.5,MSFT,73.52,100
09:31:57.5,MSFT,73.52,100
09:31:57.5,MSFT,73.525,100
09:31:57.5,MSFT,73.52,100
09:31:57.6,MSFT,73.5101,270
09:31:58.6,C,66.04,300
09:31:58.6,C,66.04,200
09:31:58.6,C,66.04,1305
09:31:58.6,C,66.04,200
09:31:58.6,C,66.04,200
09:31:58.6,C,66.04,200
09:31:58.6,C,66.04,200
09:31:58.6,C,66.04,300
09:31:58.6,C,66.04,100
09:31:58.6,C,66.04,100
09:31:58.6,C,66.04,74
09:31:58.6,C,66.03,100
09:31:58.6,C,66.03,200
09:31:58.6,C,66.03,100
09:31:58.6,C,66.03,200
09:31:58.6,C,66.03,100
09:31:58.6,C,66.02,100
09:31:58.6,C,66.02,100
09:31:58.6,C,66.02,300
09:31:58.6,C,66.01,200
09:31:58.6,MSFT,73.52,100
09:31:58.9,C,66.01,46
09:31:58.9,C,66.01,54
09:31:58.9,C,66.01,54
09:31:58.9,C,66.01,200
09:31:58.9,C,66.01,400
09:31:59.2,SPY,246.76,100
09:31:59.2,SPY,246.76,70
09:32:00.0,C,66.02,15
09:32:00.0,SPY,246.75,100
09:32:00.2,SPY,246.76,20
09:32:00.2,SPY,246.76,122
09:32:00.5,C,66.02,33
09:32:00.5,C,66.02,67
09:32:00.7,MSFT,73.5101,50
09:32:01.1,C,66.02,33
09:32:01.1,C,66.02,67
09:32:01.1,C,66.02,800
09:32:01.1,C,66.02,100
09:32:01.1,C,66.02,100
09:32:01.1,C,66.02,100
09:32:01.2,C,66.015,100
09:32:01.4,SPY,246.755,100
09:32:01.5,SPY,246.76,100
09:32:01.5,SPY,246.76,100
09:32:01.5,SPY,246.76,100
09:32:01.5,SPY,246.77,500
09:32:01.5,SPY,246.77,500
09:32:01.5,SPY,246.77,500
09:32:01.5,SPY,246.76,2000
09:32:01.5,SPY,246.76,1000
09:32:01.5,SPY,246.76,100
09:32:01.5,SPY,246.77,200
09:32:01.5,MSFT,73.52,300
09:32:01.5,MSFT,73.52,100
09:32:01.5,MSFT,73.52,100
09:32:01.5,MSFT,73.52,100
09:32:01.5,MSFT,73.52,100
09:32:01.5,MSFT,73.52,55
09:32:01.5,MSFT,73.52,200
09:32:01.5,MSFT,73.515,100
09:32:01.6,SPY,246.78,50
09:32:01.9,MSFT,73.52,200
09:32:01.9,MSFT,73.52,200
09:32:01.9,MSFT,73.52,100
09:32:01.9,MSFT,73.52,100
09:32:01.9,MSFT,73.515,300
09:32:01.9,SPY,246.78,100
09:32:02.2,C,66.03,200
09:32:02.5,SPY,246.78,100
09:32:02.5,SPY,246.78,29
09:32:02.5,SPY,246.78,1
09:32:02.5,SPY,246.78,6
09:32:02.5,MSFT,73.5201,234
09:32:02.5,MSFT,73.53,100
09:32:02.6,MSFT,73.529,600
09:32:02.6,SPY,246.7701,240
09:32:02.7,C,66.03,100
09:32:02.7,C,66.03,400
09:32:02.7,C,66.03,100
09:32:02.7,C,66.03,100
09:32:02.7,C,66.03,100
09:32:02.8,C,66.03,100
09:32:02.8,C,66.03,100
09:32:02.8,C,66.03,100
09:32:02.8,C,66.03,100
09:32:02.8,C,66.03,200
09:32:02.8,C,66.03,100
09:32:02.9,C,66.03,200
09:32:03.0,C,66.04,200
09:32:03.0,C,66.04,200
09:32:03.0,C,66.04,100
09:32:03.0,C,66.04,100
09:32:03.5,MSFT,73.53,20
09:32:03.5,MSFT,73.53,100
09:32:03.5,MSFT,73.53,280
09:32:03.5,MSFT,73.53,100
09:32:03.5,MSFT,73.53,600
09:32:03.5,MSFT,73.525,200
09:32:03.5,MSFT,73.53,200
09:32:03.5,MSFT,73.525,300
09:32:03.5,MSFT,73.53,100
09:32:03.5,MSFT,73.53,100
09:32:03.8,MSFT,73.5346,1000
09:32:04.1,MSFT,73.535,100
09:32:04.1,MSFT,73.53,400
09:32:04.1,MSFT,73.53,100
09:32:04.1,MSFT,73.53,100
09:32:04.1,MSFT,73.53,1000
09:32:04.1,MSFT,73.53,100
09:32:04.1,MSFT,73.53,100
09:32:04.1,MSFT,73.53,100
09:32:04.1,MSFT,73.53,200
09:32:04.1,MSFT,73.53,100
09:32:04.1,MSFT,73.53,100
09:32:04.1,MSFT,73.53,100
09:32:04.1,MSFT,73.53,100
09:32:04.1,MSFT,73.53,100
09:32:04.1,MSFT,73.53,100
09:32:04.1,SPY,246.78,100
09:32:04.1,MSFT,73.525,100
09:32:04.1,MSFT,73.529,292
09:32:04.1,MSFT,73.53,200
09:32:04.1,MSFT,73.5299,200
09:32:04.1,SPY,246.78,100
09:32:04.1,SPY,246.79,100
09:32:04.1,SPY,246.79,300
09:32:04.1,SPY,246.79,200
09:32:04.1,SPY,246.79,100
09:32:04.1,SPY,246.79,40
09:32:04.1,SPY,246.79,100
09:32:04.1,MSFT,73.53,8
09:32:04.1,SPY,246.79,100
09:32:04.1,SPY,246.79,160
09:32:04.4,SPY,246.78,10
09:32:04.6,SPY,246.78,42
09:32:04.9,C,66.035,100
09:32:04.9,C,66.0399,100
09:32:04.9,C,66.0399,200
09:32:04.9,C,66.04,100
09:32:04.9,C,66.04,200
09:32:04.9,C,66.035,100
09:32:04.9,C,66.0399,200
09:32:04.9,C,66.0399,200
09:32:04.9,C,66.0399,400
09:32:04.9,C,66.0325,6700
09:32:04.9,C,66.04,200
09:32:04.9,C,66.04,200
09:32:04.9,C,66.04,400
09:32:05.1,SPY,246.78,26
09:32:05.3,SPY,246.78,1
09:32:05.3,SPY,246.78,1
09:32:05.4,MSFT,73.5301,10
09:32:05.4,MSFT,73.54,400
09:32:05.4,MSFT,73.54,100
09:32:05.8,C,66.0399,200
09:32:05.8,C,66.04,100
09:32:06.3,C,66.03,700
09:32:06.3,C,66.03,300
09:32:06.3,SPY,246.79,30
09:32:06.3,SPY,246.79,200
09:32:06.3,SPY,246.79,100
09:32:06.3,SPY,246.8,10
09:32:06.3,SPY,246.8,290
09:32:06.3,SPY,246.8,100
09:32:06.3,SPY,246.8,10
09:32:06.3,SPY,246.8,90
09:32:06.4,SPY,246.8,200
09:32:06.4,SPY,246.8,10
09:32:06.4,SPY,246.8,100
09:32:06.4,SPY,246.8,100
09:32:06.4,C,66.04,200
09:32:06.4,C,66.04,100
09:32:06.4,C,66.04,100
09:32:06.4,C,66.04,100
09:32:06.4,C,66.04,100
09:32:06.4,C,66.04,100
09:32:06.4,C,66.04,100
09:32:06.4,C,66.04,100
09:32:06.4,C,66.04,19
09:32:06.4,C,66.04,84
09:32:06.4,C,66.04,16
09:32:06.4,C,66.04,437
09:32:06.4,C,66.04,84
09:32:06.4,C,66.04,563
09:32:06.4,C,66.04,200
09:32:06.4,C,66.04,100
09:32:06.6,SPY,246.81,100
09:32:06.6,SPY,246.8099,100
09:32:06.8,MSFT,73.53,300
09:32:07.0,MSFT,73.55,100
09:32:07.0,MSFT,73.55,300
09:32:07.0,MSFT,73.54,100
09:32:07.0,MSFT,73.54,300
09:32:07.0,MSFT,73.54,200
09:32:07.1,SPY,246.8001,9
09:32:07.1,C,66.05,200
09:32:07.1,C,66.0489,300
09:32:07.2,C,66.03,100
09:32:07.4,SPY,246.8,40
09:32:07.4,MSFT,73.53,100
09:32:07.4,MSFT,73.53,100
09:32:07.4,MSFT,73.53,100
09:32:07.4,MSFT,73.53,200
09:32:07.4,MSFT,73.53,100
09:32:07.4,MSFT,73.53,100
09:32:07.4,MSFT,73.53,100
09:32:07.4,MSFT,73.53,200
09:32:07.4,MSFT,73.53,1000
09:32:07.4,MSFT,73.53,200
09:32:07.4,MSFT,73.53,100
09:32:07.4,MSFT,73.53,100
09:32:07.4,MSFT,73.53,100
09:32:07.4,MSFT,73.53,100
09:32:07.4,MSFT,73.53,100
09:32:07.4,MSFT,73.53,100
09:32:07.4,MSFT,73.53,200
09:32:07.4,MSFT,73.53,900
09:32:07.4,MSFT,73.53,1000
09:32:07.4,MSFT,73.53,100
09:32:07.4,MSFT,73.53,100
09:32:07.4,MSFT,73.53,100
09:32:07.4,MSFT,73.53,100
09:32:07.4,MSFT,73.53,600
09:32:07.4,MSFT,73.53,100
09:32:07.4,MSFT,73.54,200
09:32:07.4,MSFT,73.54,200
09:32:07.5,SPY,246.8,3
09:32:07.5,MSFT,73.53,500
09:32:07.5,MSFT,73.53,2000
09:32:07.6,C,66.04,200
09:32:07.6,C,66.04,100
09:32:07.6,C,66.04,100
09:32:07.6,C,66.04,100
09:32:07.6,C,66.04,300
09:32:07.6,C,66.04,100
09:32:07.6,C,66.04,100
09:32:08.0,C,66.04,100
09:32:08.0,C,66.04,100
09:32:08.0,C,66.04,100
09:32:08.0,C,66.04,100
09:32:08.0,SPY,246.8,17
09:32:08.0,SPY,246.81,83
09:32:08.1,SPY,246.8,10
09:32:08.1,MSFT,73.54,200
09:32:08.4,SPY,246.809,500
09:32:08.6,SPY,246.805,200
09:32:08.6,SPY,246.805,300
09:32:08.6,SPY,246.803,300
09:32:08.6,SPY,246.801,2200
09:32:08.9,SPY,246.8,100
09:32:08.9,SPY,246.8,100
09:32:08.9,SPY,246.8,100
09:32:08.9,SPY,246.8,100
09:32:08.9,SPY,246.8,100
09:32:08.9,SPY,246.8,100
09:32:08.9,SPY,246.8,1200
09:32:08.9,SPY,246.8,890
09:32:08.9,SPY,246.8,15
09:32:08.9,SPY,246.8,100
09:32:08.9,SPY,246.8,100
09:32:08.9,SPY,246.8,200
09:32:08.9,SPY,246.8,100
09:32:08.9,SPY,246.8,60
09:32:08.9,SPY,246.8,200
09:32:08.9,SPY,246.8,100
09:32:08.9,SPY,246.8,300
09:32:08.9,SPY,246.8,100
09:32:08.9,SPY,246.8,100
09:32:08.9,SPY,246.8,300
09:32:08.9,SPY,246.8,100
09:32:08.9,SPY,246.8,100
09:32:08.9,SPY,246.8,100
09:32:08.9,SPY,246.8,200
09:32:08.9,SPY,246.8,100
09:32:08.9,SPY,246.8,100
09:32:08.9,SPY,246.8,100
09:32:08.9,SPY,246.8,300
09:32:08.9,SPY,246.8,151
09:32:08.9,SPY,246.8,49
09:32:08.9,SPY,246.79,8
09:32:08.9,MSFT,73.545,100
09:32:08.9,SPY,246.79,200
09:32:08.9,SPY,246.79,100
09:32:08.9,SPY,246.79,200
09:32:08.9,SPY,246.79,200
09:32:08.9,SPY,246.79,200
09:32:08.9,SPY,246.79,100
09:32:08.9,SPY,246.79,100
09:32:08.9,SPY,246.79,100
09:32:09.0,MSFT,73.54,100
09:32:09.0,MSFT,73.54,100
09:32:09.0,MSFT,73.54,40
09:32:09.0,MSFT,73.54,60
09:32:09.0,MSFT,73.53,100
09:32:09.0,C,66.04,14
09:32:09.0,C,66.04,686
09:32:09.0,MSFT,73.53,300
09:32:09.1,C,66.04,200
09:32:09.1,C,66.03,100
09:32:09.4,MSFT,73.53,300
09:32:09.4,MSFT,73.53,100
09:32:09.4,MSFT,73.53,200
09:32:09.5,C,66.04,100
09:32:09.5,C,66.035,100
09:32:09.7,MSFT,73.53,100
09:32:09.7,MSFT,73.53,69
09:32:09.7,MSFT,73.535,200
09:32:09.9,SPY,246.79,2
09:32:10.0,SPY,246.79,18
09:32:10.0,MSFT,73.53,31
09:32:10.0,MSFT,73.53,69
09:32:10.1,SPY,246.78,10
09:32:10.1,SPY,246.78,16
09:32:10.5,C,66.04,100
09:32:10.5,C,66.04,600
09:32:10.5,C,66.04,100
09:32:10.5,C,66.04,300
09:32:10.6,MSFT,73.53,23
09:32:10.6,MSFT,73.5201,2
09:32:10.8,SPY,246.78,26
09:32:10.9,SPY,246.78,10
09:32:10.9,SPY,246.78,3
09:32:11.0,C,66.04,100
09:32:11.0,C,66.04,100
09:32:11.0,C,66.04,100
09:32:11.0,C,66.04,100
09:32:11.0,C,66.04,100
09:32:11.0,C,66.04,100
09:32:11.0,C,66.04,100
09:32:11.0,C,66.04,100
09:32:11.0,C,66.04,100
09:32:11.0,C,66.04,100
09:32:11.0,C,66.04,200
09:32:11.0,C,66.04,100
09:32:11.0,C,66.04,100
09:32:11.0,C,66.04,100
09:32:11.0,C,66.04,700
09:32:11.0,C,66.04,100
09:32:11.0,MSFT,73.53,100
09:32:11.0,MSFT,73.53,100
09:32:11.2,C,66.04,100
09:32:11.2,C,66.04,200
09:32:11.2,C,66.04,100
09:32:11.3,MSFT,73.54,100
09:32:11.3,MSFT,73.54,100
09:32:11.3,MSFT,73.54,200
09:32:11.3,MSFT,73.54,100
09:32:11.3,MSFT,73.54,100
09:32:11.3,MSFT,73.54,1
09:32:11.3,MSFT,73.54,200
09:32:11.3,MSFT,73.53,200
09:32:11.3,MSFT,73.53,100
09:32:11.3,MSFT,73.53,100
09:32:11.3,MSFT,73.54,100
09:32:11.3,MSFT,73.54,500
09:32:11.3,MSFT,73.54,100
09:32:11.3,MSFT,73.54,100
09:32:11.3,MSFT,73.54,200
09:32:11.3,MSFT,73.54,100
09:32:11.3,MSFT,73.54,700
09:32:11.4,SPY,246.7889,100
09:32:11.7,C,66.045,30
09:32:11.9,SPY,246.79,198
09:32:11.9,SPY,246.79,7
09:32:12.2,MSFT,73.54,1
09:32:12.2,MSFT,73.54,200
09:32:12.3,MSFT,73.535,100
09:32:12.8,C,66.04,100
09:32:13.0,SPY,246.79,100
09:32:13.0,SPY,246.79,100
09:32:13.0,SPY,246.79,5
09:32:13.2,SPY,246.79,95
09:32:13.2,SPY,246.79,269
09:32:13.2,SPY,246.79,41
09:32:13.7,SPY,246.78,55
09:32:13.7,SPY,246.78,81
09:32:13.7,SPY,246.78,100
09:32:13.8,MSFT,73.54,1340
09:32:14.6,MSFT,73.53,100
09:32:14.6,MSFT,73.53,300
09:32:14.6,MSFT,73.53,200
09:32:14.6,MSFT,73.535,100
09:32:14.6,MSFT,73.53,100
09:32:14.6,MSFT,73.53,100
09:32:14.6,MSFT,73.53,107
09:32:15.0,SPY,246.78,100
09:32:15.0,SPY,246.79,80
09:32:15.2,MSFT,73.53,108
09:32:15.2,SPY,246.78,100
09:32:15.2,C,66.05,7
09:32:15.2,SPY,246.78,100
09:32:15.2,MSFT,73.5325,200
09:32:15.3,MSFT,73.5325,200
09:32:15.8,SPY,246.78,100
09:32:15.8,SPY,246.78,100
09:32:16.1,MSFT,73.53,100
09:32:16.3,SPY,246.78,100
09:32:16.3,SPY,246.78,100
09:32:16.3,SPY,246.78,100
09:32:16.3,SPY,246.78,100
09:32:16.3,SPY,246.78,100
09:32:16.3,SPY,246.78,100
09:32:16.3,SPY,246.78,100
09:32:16.3,SPY,246.78,100
09:32:16.3,SPY,246.78,100
09:32:16.3,SPY,246.78,100
09:32:16.4,SPY,246.78,1
09:32:17.0,MSFT,73.53,93
09:32:17.0,MSFT,73.53,100
09:32:17.0,MSFT,73.53,107
09:32:17.0,MSFT,73.53,100
09:32:17.0,MSFT,73.53,100
09:32:17.0,MSFT,73.53,93
09:32:17.0,MSFT,73.53,100
09:32:17.1,SPY,246.78,101
09:32:17.5,SPY,246.7799,300
09:32:17.5,SPY,246.7799,500
09:32:17.6,MSFT,73.52,100
09:32:18.2,SPY,246.77,200
09:32:18.2,SPY,246.78,45
09:32:18.2,SPY,246.77,5
09:32:18.2,SPY,246.77,100
09:32:18.3,C,66.05,100
09:32:18.3,C,66.05,100
09:32:18.3,C,66.05,100
09:32:18.3,C,66.05,100
09:32:18.3,C,66.05,100
09:32:18.3,C,66.05,100
09:32:18.3,C,66.05,100
09:32:18.3,C,66.05,100
09:32:18.3,C,66.05,200
09:32:18.3,C,66.05,1100
09:32:18.3,C,66.05,100
09:32:18.3,C,66.05,100
09:32:18.3,C,66.05,100
09:32:18.3,C,66.05,100
09:32:18.4,C,66.05,1
09:32:18.9,C,66.044,500
09:32:19.2,C,66.05,100
09:32:19.2,C,66.04,700
09:32:19.2,C,66.04,200
09:32:19.2,C,66.04,74
09:32:19.2,C,66.04,100
09:32:19.2,C,66.04,100
09:32:19.2,C,66.04,500
09:32:19.2,C,66.04,100
09:32:19.3,C,66.04,100
09:32:19.3,C,66.04,400
09:32:19.8,MSFT,73.52,100
09:32:19.8,MSFT,73.52,100
09:32:19.8,MSFT,73.52,1
09:32:19.8,MSFT,73.51,200
09:32:19.8,MSFT,73.51,100
09:32:19.8,MSFT,73.51,200
09:32:19.8,MSFT,73.51,100
09:32:19.8,MSFT,73.51,100
09:32:19.8,MSFT,73.51,100
09:32:19.8,MSFT,73.51,1
09:32:19.8,MSFT,73.51,100
09:32:19.8,MSFT,73.5,43
09:32:19.8,MSFT,73.5,56
09:32:19.9,MSFT,73.51,43
09:32:19.9,MSFT,73.51,56
09:32:19.9,MSFT,73.5,1
09:32:19.9,MSFT,73.51,6
09:32:19.9,SPY,246.78,100
09:32:19.9,SPY,246.78,100
09:32:19.9,MSFT,73.51,145
09:32:19.9,SPY,246.79,100
09:32:19.9,SPY,246.79,100
09:32:19.9,SPY,246.79,200
09:32:20.0,SPY,246.79,100
09:32:20.1,SPY,246.79,2
09:32:20.2,C,66.04,100
09:32:20.2,C,66.035,100
09:32:20.2,C,66.035,100
09:32:20.2,C,66.04,100
09:32:20.2,C,66.04,100
09:32:20.2,C,66.04,100
09:32:20.3,C,66.04,500
09:32:20.6,SPY,246.785,68
09:32:20.6,C,66.04,100
09:32:20.6,C,66.04,100
09:32:20.6,C,66.04,100
09:32:20.6,C,66.04,100
09:32:20.6,C,66.04,100
09:32:20.6,C,66.04,100
09:32:20.6,MSFT,73.51,1
09:32:20.6,MSFT,73.51,49
09:32:20.6,MSFT,73.51,3
09:32:20.9,MSFT,73.51,125
09:32:21.2,C,66.05,100
09:32:21.2,C,66.05,100
09:32:21.2,C,66.05,200
09:32:21.2,C,66.05,700
09:32:21.2,C,66.05,100
09:32:21.4,MSFT,73.515,319
09:32:21.6,SPY,246.79,50
09:32:21.7,C,66.0472,130
09:32:21.9,MSFT,73.52,400
09:32:22.1,SPY,246.7801,1126
09:32:22.4,SPY,246.78,100
09:32:22.4,SPY,246.78,10
09:32:22.9,SPY,246.78,100
09:32:22.9,SPY,246.78,100
09:32:22.9,C,66.04,100
09:32:23.5,MSFT,73.5201,34
09:32:23.6,SPY,246.785,100
09:32:23.6,SPY,246.79,90
09:32:23.7,SPY,246.785,40
09:32:24.7,MSFT,73.53,2
09:32:24.8,SPY,246.79,739
09:32:24.8,SPY,246.79,100
09:32:24.8,SPY,246.79,100
09:32:24.8,SPY,246.79,61
09:32:24.8,SPY,246.79,39
09:32:25.6,SPY,246.7951,200
09:32:25.8,MSFT,73.53,100
09:32:25.8,MSFT,73.53,100
09:32:25.8,MSFT,73.525,100
09:32:25.8,MSFT,73.53,100
09:32:25.8,MSFT,73.53,100
09:32:25.8,MSFT,73.525,100
09:32:25.8,MSFT,73.53,100
09:32:26.0,SPY,246.8,10
09:32:26.0,SPY,246.8,4
09:32:26.0,SPY,246.8,86
09:32:26.0,SPY,246.8,10
09:32:26.9,C,66.05,700
09:32:26.9,C,66.05,300
09:32:26.9,C,66.05,400
09:32:26.9,C,66.05,400
09:32:26.9,C,66.05,100
09:32:26.9,C,66.0499,100
09:32:26.9,C,66.0499,100
09:32:26.9,C,66.0499,100
09:32:26.9,C,66.0499,100
09:32:26.9,C,66.0499,1200
09:32:27.0,MSFT,73.535,100
09:32:27.0,MSFT,73.531,504
09:32:27.0,MSFT,73.5301,4796
09:32:27.5,SPY,246.8,23
09:32:28.2,MSFT,73.5359,25
09:32:28.7,MSFT,73.5359,12
09:32:28.8,MSFT,73.5399,1500
09:32:28.8,SPY,246.81,480
09:32:28.8,SPY,246.81,200
09:32:28.9,SPY,246.81,600
09:32:28.9,SPY,246.81,100
09:32:28.9,SPY,246.81,400
09:32:28.9,SPY,246.81,200
09:32:28.9,SPY,246.81,600
09:32:28.9,SPY,246.81,100
09:32:28.9,SPY,246.81,100
09:32:28.9,SPY,246.81,14
09:32:28.9,SPY,246.81,100
09:32:28.9,SPY,246.81,100
09:32:28.9,SPY,246.81,100
09:32:28.9,SPY,246.81,100
09:32:28.9,SPY,246.81,100
09:32:28.9,SPY,246.81,100
09:32:28.9,SPY,246.81,686
09:32:28.9,SPY,246.81,100
09:32:28.9,SPY,246.81,500
09:32:28.9,SPY,246.81,100
09:32:28.9,SPY,246.805,300
09:32:28.9,SPY,246.81,300
09:32:28.9,SPY,246.81,480
09:32:28.9,SPY,246.81,200
09:32:28.9,SPY,246.81,400
09:32:28.9,C,66.05,60
09:32:28.9,C,66.05,40
09:32:28.9,C,66.05,700
09:32:28.9,C,66.05,60
09:32:28.9,C,66.05,40
09:32:28.9,C,66.05,100
09:32:28.9,C,66.05,100
09:32:28.9,C,66.045,100
09:32:29.0,SPY,246.81,100
09:32:29.0,SPY,246.81,100
09:32:29.0,SPY,246.81,18
09:32:29.0,SPY,246.81,3
09:32:29.0,SPY,246.81,100
09:32:29.0,SPY,246.81,600
09:32:29.0,SPY,246.81,77
09:32:29.2,MSFT,73.537,3
09:32:29.3,SPY,246.81,100
09:32:29.4,MSFT,73.535,12
09:32:29.4,MSFT,73.54,100
09:32:29.4,MSFT,73.54,100
09:32:29.4,MSFT,73.535,100
09:32:29.4,MSFT,73.54,100
09:32:29.5,SPY,246.81,200
09:32:29.5,SPY,246.81,100
09:32:29.9,SPY,246.81,100
09:32:29.9,SPY,246.81,100
09:32:29.9,SPY,246.81,120
09:32:29.9,SPY,246.81,200
09:32:29.9,SPY,246.81,200
09:32:29.9,SPY,246.81,60
09:32:29.9,SPY,246.81,100
09:32:30.0,SPY,246.81,100
09:32:30.0,SPY,246.8,100
09:32:30.0,SPY,246.8,2
09:32:30.0,MSFT,73.54,10
09:32:30.1,SPY,246.81,16
09:32:30.2,MSFT,73.545,15
09:32:30.5,MSFT,73.55,55
09:32:30.7,MSFT,73.55,1500
09:32:30.7,MSFT,73.55,117
09:32:30.8,MSFT,73.5476,67
09:32:31.1,SPY,246.81,100
09:32:31.1,SPY,246.81,2
09:32:31.1,SPY,246.82,600
09:32:31.1,SPY,246.82,100
09:32:31.1,SPY,246.82,10
09:32:31.1,SPY,246.82,10
09:32:31.1,SPY,246.82,200
09:32:31.1,SPY,246.83,100
09:32:31.1,SPY,246.83,500
09:32:31.1,MSFT,73.55,1753
09:32:31.1,MSFT,73.55,600
09:32:31.1,MSFT,73.55,2647
09:32:31.1,MSFT,73.55,100
09:32:31.1,MSFT,73.545,200
09:32:31.1,MSFT,73.545,200
09:32:31.1,MSFT,73.56,100
09:32:31.1,MSFT,73.56,24
09:32:31.1,MSFT,73.56,50
09:32:31.1,SPY,246.82,685
09:32:31.1,SPY,246.8201,989
09:32:31.4,SPY,246.8253,10
09:32:31.4,SPY,246.83,10
09:32:31.4,SPY,246.77,25620
09:32:31.5,SPY,246.82,82
09:32:31.5,SPY,246.8225,100
09:32:31.5,SPY,246.83,70
09:32:31.9,MSFT,73.56,100
09:32:31.9,MSFT,73.56,100
09:32:31.9,MSFT,73.555,88
09:32:31.9,MSFT,73.55,700
09:32:31.9,MSFT,73.55,100
09:32:31.9,MSFT,73.55,100
09:32:31.9,MSFT,73.55,100
09:32:31.9,MSFT,73.55,200
09:32:31.9,MSFT,73.55,300
09:32:31.9,MSFT,73.55,500
09:32:31.9,MSFT,73.55,700
09:32:31.9,MSFT,73.555,100
09:32:31.9,MSFT,73.55,100
09:32:31.9,MSFT,73.55,200
09:32:31.9,MSFT,73.55,300
09:32:31.9,MSFT,73.55,400
09:32:31.9,MSFT,73.54,100
09:32:31.9,MSFT,73.55,288
09:32:31.9,MSFT,73.549,2
09:32:32.1,MSFT,73.55,200
09:32:32.3,MSFT,73.5535,28
09:32:32.3,MSFT,73.55,20
09:32:32.8,SPY,246.83,170
09:32:32.9,MSFT,73.5564,1000
09:32:33.1,C,66.05,300
09:32:33.2,C,66.045,100
09:32:33.2,C,66.05,100
09:32:33.4,MSFT,73.55,17
09:32:33.9,C,66.05,200
09:32:33.9,MSFT,73.5535,50
09:32:34.2,SPY,246.84,10
09:32:34.2,SPY,246.84,10
09:32:34.2,SPY,246.84,10
09:32:34.2,SPY,246.84,14
09:32:34.2,SPY,246.84,3
09:32:34.2,SPY,246.84,10
09:32:34.2,C,66.05,200
09:32:34.2,C,66.05,100
09:32:34.2,C,66.05,200
09:32:34.2,SPY,246.84,200
09:32:34.2,SPY,246.84,100
09:32:34.2,SPY,246.84,100
09:32:34.2,SPY,246.84,79
09:32:34.3,MSFT,73.56,100
09:32:34.5,SPY,246.8301,200
09:32:34.6,C,66.05,100
09:32:34.7,MSFT,73.57,29
09:32:34.8,SPY,246.84,100
09:32:35.1,SPY,246.85,100
09:32:35.1,SPY,246.85,100
09:32:35.2,MSFT,73.57,1000
09:32:35.3,SPY,246.85,16
09:32:36.0,SPY,246.8301,984
09:32:36.3,MSFT,73.56,100
09:32:36.7,SPY,246.83,3200
09:32:36.7,SPY,246.8301,800
09:32:38.3,MSFT,73.56,100
09:32:38.8,SPY,246.84,205
09:32:38.8,MSFT,73.56,200
09:32:39.1,C,66.0495,2300
09:32:39.1,MSFT,73.55,54
09:32:39.7,MSFT,73.56,100
09:32:40.0,SPY,246.84,60
09:32:40.0,SPY,246.82,100
09:32:40.0,SPY,246.82,4
09:32:40.0,SPY,246.83,18
09:32:40.4,SPY,246.83,100
09:32:40.4,SPY,246.83,1
09:32:40.4,SPY,246.83,9
09:32:40.5,SPY,246.84,40
09:32:41.0,MSFT,73.55,110
09:32:41.1,SPY,246.84,200
09:32:41.1,SPY,246.84,5
09:32:41.4,SPY,246.84,500
09:32:41.6,MSFT,73.556,1000
09:32:41.6,MSFT,73.55,19
09:32:42.2,SPY,246.8335,37
09:32:42.4,MSFT,73.559,5
09:32:42.6,MSFT,73.552,100
09:32:43.0,MSFT,73.5501,1
09:32:43.2,SPY,246.83,500
09:32:43.3,MSFT,73.55,100
09:32:43.3,MSFT,73.55,200
09:32:43.8,MSFT,73.55,39
09:32:43.9,SPY,246.83,100
09:32:43.9,SPY,246.83,10
09:32:44.0,MSFT,73.5543,60
09:32:44.5,MSFT,73.555,500
09:32:44.5,MSFT,73.55,390
09:32:44.7,MSFT,73.555,100
09:32:44.7,MSFT,73.555,100
09:32:44.8,MSFT,73.5566,100
09:32:44.8,MSFT,73.555,100
09:32:44.8,MSFT,73.555,100
09:32:45.0,C,66.041,1000
09:32:45.0,C,66.042,7000
09:32:45.0,C,66.045,100
09:32:45.0,C,66.04,200
09:32:45.0,C,66.04,100
09:32:45.0,C,66.04,100
09:32:45.0,C,66.04,600
09:32:45.0,C,66.04,900
09:32:45.0,C,66.04,100
09:32:45.0,C,66.04,1
09:32:45.0,C,66.04,200
09:32:45.0,C,66.04,100
09:32:45.0,C,66.04,200
09:32:45.0,C,66.04,100
09:32:45.0,C,66.04,100
09:32:45.0,C,66.04,100
09:32:45.0,C,66.04,99
09:32:45.0,C,66.04,100
09:32:45.0,C,66.04,100
09:32:45.0,C,66.03,100
09:32:45.0,C,66.03,100
09:32:45.0,C,66.03,100
09:32:45.0,C,66.03,599
09:32:45.0,C,66.03,600
09:32:45.0,C,66.03,401
09:32:45.0,C,66.03,300
09:32:45.0,C,66.03,280
09:32:45.0,C,66.03,100
09:32:45.0,C,66.03,1000
09:32:45.0,C,66.03,39
09:32:45.0,C,66.03,100
09:32:45.0,C,66.03,61
09:32:45.0,C,66.03,100
09:32:45.0,C,66.02,200
09:32:45.0,C,66.02,100
09:32:45.0,C,66.02,100
09:32:45.0,C,66.02,83
09:32:45.0,C,66.02,117
09:32:45.2,MSFT,73.55,1
09:32:45.2,MSFT,73.55,161
09:32:45.2,MSFT,73.55,39
09:32:45.2,MSFT,73.55,61
09:32:45.2,MSFT,73.55,39
09:32:45.2,MSFT,73.55,61
09:32:45.2,MSFT,73.555,100
09:32:45.2,MSFT,73.55,100
09:32:45.2,MSFT,73.555,100
09:32:45.2,MSFT,73.55,100
09:32:45.2,MSFT,73.55,200
09:32:45.3,MSFT,73.54,4
09:32:45.5,C,66.02,200
09:32:45.5,C,66.015,100
09:32:45.5,C,66.01,100
09:32:45.5,C,66.01,100
09:32:45.5,C,66.01,100
09:32:45.5,C,66.01,100
09:32:45.6,C,66.01,700
09:32:46.0,C,66.01,100
09:32:46.0,C,66.01,400
09:32:46.0,C,66.01,100
09:32:46.0,C,66.01,100
09:32:46.0,C,66.01,100
09:32:46.0,C,66.01,200
09:32:46.1,C,66.01,1
09:32:46.1,C,66,46
09:32:46.1,SPY,246.83,100
09:32:46.1,SPY,246.83,100
09:32:46.1,C,66,66
09:32:46.1,C,66,134
09:32:46.1,C,66,33
09:32:46.3,SPY,246.83,16
09:32:46.5,MSFT,73.55,160
09:32:46.5,SPY,246.83,84
09:32:46.5,SPY,246.83,16
09:32:46.5,SPY,246.83,100
09:32:46.5,SPY,246.83,5
09:32:46.6,C,66,500
09:32:46.6,C,66,400
09:32:46.6,SPY,246.82,10
09:32:47.0,MSFT,73.545,200
09:32:47.1,C,66.01,310
09:32:47.1,C,66.01,100
09:32:47.1,C,66.01,100
09:32:47.1,C,66.01,100
09:32:47.1,C,66.01,100
09:32:47.1,C,66.01,100
09:32:47.1,C,66.01,90
09:32:47.1,C,66.01,200
09:32:47.1,C,66.01,100
09:32:47.1,C,66.01,100
09:32:47.1,C,66.01,100
09:32:47.1,C,66.01,100
09:32:47.1,C,66.01,100
09:32:47.1,C,66.01,89
09:32:47.1,C,66.01,100
09:32:47.1,C,66.01,100
09:32:47.1,C,66.01,100
09:32:47.1,C,66.01,100
09:32:47.1,C,66.005,100
09:32:47.1,C,66.005,100
09:32:47.2,C,66.015,200
09:32:47.2,C,66.01,100
09:32:47.5,SPY,246.82,100
09:32:47.5,SPY,246.82,100
09:32:47.7,C,66.01,100
09:32:47.8,MSFT,73.54,500
09:32:47.8,MSFT,73.545,100
09:32:47.8,MSFT,73.54,100
09:32:47.9,C,66.02,100
09:32:48.0,C,66.02,300
09:32:48.0,C,66.02,200
09:32:48.0,C,66.02,100
09:32:48.0,C,66.02,400
09:32:48.0,C,66.02,90
09:32:48.0,C,66.02,25
09:32:48.0,C,66.02,100
09:32:48.0,C,66.02,75
09:32:48.1,C,66.02,200
09:32:48.6,MSFT,73.5406,7
09:32:48.6,MSFT,73.54,7
09:32:48.6,MSFT,73.54,100
09:32:48.6,MSFT,73.54,100
09:32:48.6,MSFT,73.5405,100
09:32:48.6,MSFT,73.5405,95
09:32:48.7,MSFT,73.545,100
09:32:48.7,MSFT,73.5401,225
09:32:48.7,MSFT,73.55,154
09:32:49.7,MSFT,73.54,100
09:32:49.7,MSFT,73.54,100
09:32:49.7,MSFT,73.54,100
09:32:49.7,MSFT,73.54,100
09:32:49.7,MSFT,73.54,100
09:32:49.7,MSFT,73.54,100
09:32:49.9,SPY,246.82,100
09:32:49.9,SPY,246.82,300
09:32:49.9,SPY,246.82,400
09:32:49.9,SPY,246.82,800
09:32:49.9,SPY,246.82,100
09:32:49.9,SPY,246.82,100
09:32:49.9,SPY,246.82,100
09:32:49.9,SPY,246.82,100
09:32:49.9,SPY,246.82,100
09:32:49.9,SPY,246.82,300
09:32:49.9,SPY,246.82,200
09:32:49.9,SPY,246.82,300
09:32:49.9,SPY,246.82,100
09:32:49.9,SPY,246.82,100
09:32:49.9,SPY,246.82,100
09:32:49.9,SPY,246.82,200
09:32:49.9,SPY,246.82,200
09:32:49.9,SPY,246.82,100
09:32:49.9,SPY,246.82,100
09:32:49.9,SPY,246.82,100
09:32:49.9,SPY,246.82,100
09:32:49.9,SPY,246.82,100
09:32:49.9,SPY,246.82,100
09:32:49.9,SPY,246.82,200
09:32:49.9,SPY,246.82,200
09:32:49.9,SPY,246.82,100
09:32:49.9,SPY,246.82,100
09:32:49.9,SPY,246.82,100
09:32:49.9,SPY,246.82,100
09:32:49.9,SPY,246.82,200
09:32:49.9,SPY,246.82,1000
09:32:49.9,SPY,246.82,200
09:32:49.9,SPY,246.82,100
09:32:49.9,SPY,246.82,100
09:32:49.9,SPY,246.82,300
09:32:49.9,SPY,246.82,300
09:32:49.9,SPY,246.82,100
09:32:49.9,SPY,246.82,100
09:32:49.9,SPY,246.82,300
09:32:49.9,SPY,246.82,300
09:32:49.9,SPY,246.82,120
09:32:50.0,SPY,246.81,100
09:32:50.0,SPY,246.8,2
09:32:50.1,C,66.03,600
09:32:50.1,C,66.03,33
09:32:50.1,C,66.03,300
09:32:50.1,C,66.03,100
09:32:50.2,C,66.03,100
09:32:50.2,C,66.02,100
09:32:50.2,C,66.02,100
09:32:50.6,C,66.02,100
09:32:50.7,C,66.02,100
09:32:51.6,C,66.03,100
09:32:51.6,C,66.03,100
09:32:51.6,C,66.0201,100
09:32:51.6,C,66.02,100
09:32:51.7,MSFT,73.53,1
